@inproceedings{DBLP:conf/nips/RafailovSMMEF23,
  author       = {Rafael Rafailov and
                  Archit Sharma and
                  Eric Mitchell and
                  Christopher D. Manning and
                  Stefano Ermon and
                  Chelsea Finn},
  title        = {Direct Preference Optimization: Your Language Model is Secretly a
                  Reward Model},
  booktitle    = {Advances in Neural Information Processing Systems (NeurIPS)},
  year         = {2023},
  url          = {http://papers.nips.cc/paper\_files/paper/2023/hash/a85b405ed65c6477a4fe8302b5e06ce7-Abstract-Conference.html},
  timestamp    = {Fri, 01 Mar 2024 16:26:20 +0100},
  biburl       = {https://dblp.org/rec/conf/nips/RafailovSMMEF23.bib},
  bibsource    = {dblp computer science bibliography, https://dblp.org}
}

@inproceedings{
liu2024training,
title={Training Socially Aligned Language Models on Simulated Social Interactions},
author={Ruibo Liu and Ruixin Yang and Chenyan Jia and Ge Zhang and Diyi Yang and Soroush Vosoughi},
booktitle={International Conference on Learning Representations (ICLR)},
year={2024},
url={https://openreview.net/forum?id=NddKiWtdUm}
}

@inproceedings{DBLP:conf/sigir/MengRCSRTR20,
  author       = {Chuan Meng and
                  Pengjie Ren and
                  Zhumin Chen and
                  Weiwei Sun and
                  Zhaochun Ren and
                  Zhaopeng Tu and
                  Maarten de Rijke},
  title        = {DukeNet: {A} Dual Knowledge Interaction Network for Knowledge-Grounded
                  Conversation},
  booktitle    = {Proceedings of the International Conference on Research on Development in Information Retrieval (SIGIR)},
  pages        = {1151--1160},
  publisher    = {{ACM}},
  year         = {2020},
  url          = {https://doi.org/10.1145/3397271.3401097},
  doi          = {10.1145/3397271.3401097},
  timestamp    = {Fri, 17 Nov 2023 11:30:24 +0100},
  biburl       = {https://dblp.org/rec/conf/sigir/MengRCSRTR20.bib},
  bibsource    = {dblp computer science bibliography, https://dblp.org}
}

@inproceedings{DBLP:conf/nips/Wei0SBIXCLZ22,
  author       = {Jason Wei and
                  Xuezhi Wang and
                  Dale Schuurmans and
                  Maarten Bosma and
                  Brian Ichter and
                  Fei Xia and
                  Ed H. Chi and
                  Quoc V. Le and
                  Denny Zhou},
  title        = {Chain-of-Thought Prompting Elicits Reasoning in Large Language Models},
  booktitle    = {Advances in Neural Information Processing Systems (NeurIPS)},
  year         = {2022},
  url          = {http://papers.nips.cc/paper\_files/paper/2022/hash/9d5609613524ecf4f15af0f7b31abca4-Abstract-Conference.html},
  timestamp    = {Mon, 08 Jan 2024 16:31:37 +0100},
  biburl       = {https://dblp.org/rec/conf/nips/Wei0SBIXCLZ22.bib},
  bibsource    = {dblp computer science bibliography, https://dblp.org}
}

@inproceedings{DBLP:conf/iclr/0002WSLCNCZ23,
  author       = {Xuezhi Wang and
                  Jason Wei and
                  Dale Schuurmans and
                  Quoc V. Le and
                  Ed H. Chi and
                  Sharan Narang and
                  Aakanksha Chowdhery and
                  Denny Zhou},
  title        = {Self-Consistency Improves Chain of Thought Reasoning in Language Models},
  booktitle    = {International Conference on Learning Representations (ICLR)},
  publisher    = {OpenReview.net},
  year         = {2023},
  url          = {https://openreview.net/pdf?id=1PL1NIMMrw},
  timestamp    = {Fri, 30 Jun 2023 14:55:53 +0200},
  biburl       = {https://dblp.org/rec/conf/iclr/0002WSLCNCZ23.bib},
  bibsource    = {dblp computer science bibliography, https://dblp.org}
}

@inproceedings{DBLP:conf/cikm/ZhangY23,
  author       = {Xuanyu Zhang and
                  Qing Yang},
  title        = {XuanYuan 2.0: {A} Large Chinese Financial Chat Model with Hundreds
                  of Billions Parameters},
  booktitle    = {Proceedings of the ACM International Conference on Information and Knowledge Management (CIKM)},
  pages        = {4435--4439},
  publisher    = {{ACM}},
  year         = {2023},
  url          = {https://doi.org/10.1145/3583780.3615285},
  doi          = {10.1145/3583780.3615285},
  timestamp    = {Mon, 12 Feb 2024 19:39:05 +0100},
  biburl       = {https://dblp.org/rec/conf/cikm/ZhangY23.bib},
  bibsource    = {dblp computer science bibliography, https://dblp.org}
}

@inproceedings{DBLP:conf/nips/BrownMRSKDNSSAA20,
  author       = {Tom B. Brown and
                  Benjamin Mann and
                  Nick Ryder and
                  Melanie Subbiah and
                  Jared Kaplan and
                  Prafulla Dhariwal and
                  Arvind Neelakantan and
                  Pranav Shyam and
                  Girish Sastry and
                  Amanda Askell and
                  Sandhini Agarwal and
                  Ariel Herbert{-}Voss and
                  Gretchen Krueger and
                  Tom Henighan and
                  Rewon Child and
                  Aditya Ramesh and
                  Daniel M. Ziegler and
                  Jeffrey Wu and
                  Clemens Winter and
                  Christopher Hesse and
                  Mark Chen and
                  Eric Sigler and
                  Mateusz Litwin and
                  Scott Gray and
                  Benjamin Chess and
                  Jack Clark and
                  Christopher Berner and
                  Sam McCandlish and
                  Alec Radford and
                  Ilya Sutskever and
                  Dario Amodei},
  title        = {Language Models are Few-Shot Learners},
  booktitle    = {Advances in Neural Information Processing Systems (NeurIPS)},
  year         = {2020},
  url          = {https://proceedings.neurips.cc/paper/2020/hash/1457c0d6bfcb4967418bfb8ac142f64a-Abstract.html},
  timestamp    = {Thu, 25 May 2023 10:38:31 +0200},
  biburl       = {https://dblp.org/rec/conf/nips/BrownMRSKDNSSAA20.bib},
  bibsource    = {dblp computer science bibliography, https://dblp.org}
}

@article{DBLP:journals/corr/abs-2305-08291,
  author       = {Jieyi Long},
  title        = {Large Language Model Guided Tree-of-Thought},
  journal      = {CoRR},
  volume       = {abs/2305.08291},
  year         = {2023},
  url          = {https://doi.org/10.48550/arXiv.2305.08291},
  doi          = {10.48550/ARXIV.2305.08291},
  eprinttype    = {arXiv},
  eprint       = {2305.08291},
  timestamp    = {Wed, 17 May 2023 15:47:36 +0200},
  biburl       = {https://dblp.org/rec/journals/corr/abs-2305-08291.bib},
  bibsource    = {dblp computer science bibliography, https://dblp.org}
}

@article{DBLP:journals/corr/abs-2305-16582,
  author       = {Yao Yao and
                  Zuchao Li and
                  Hai Zhao},
  title        = {Beyond Chain-of-Thought, Effective Graph-of-Thought Reasoning in Large
                  Language Models},
  journal      = {CoRR},
  volume       = {abs/2305.16582},
  year         = {2023},
  url          = {https://doi.org/10.48550/arXiv.2305.16582},
  doi          = {10.48550/ARXIV.2305.16582},
  eprinttype    = {arXiv},
  eprint       = {2305.16582},
  timestamp    = {Thu, 21 Mar 2024 16:25:23 +0100},
  biburl       = {https://dblp.org/rec/journals/corr/abs-2305-16582.bib},
  bibsource    = {dblp computer science bibliography, https://dblp.org}
}

@inproceedings{DBLP:conf/acl/ZhouZHHZ20,
  author       = {Hao Zhou and
                  Chujie Zheng and
                  Kaili Huang and
                  Minlie Huang and
                  Xiaoyan Zhu},
  title        = {KdConv: {A} Chinese Multi-domain Dialogue Dataset Towards Multi-turn
                  Knowledge-driven Conversation},
  booktitle    = {Proceedings of the Conference of the Association for Computational Linguistics (ACL)},
  pages        = {7098--7108},
  publisher    = {Association for Computational Linguistics},
  year         = {2020},
  url          = {https://doi.org/10.18653/v1/2020.acl-main.635},
  doi          = {10.18653/V1/2020.ACL-MAIN.635},
  timestamp    = {Sun, 02 Oct 2022 15:53:46 +0200},
  biburl       = {https://dblp.org/rec/conf/acl/ZhouZHHZ20.bib},
  bibsource    = {dblp computer science bibliography, https://dblp.org}
}

@inproceedings{
zelikman2022star,
title={{ST}aR: Bootstrapping Reasoning With Reasoning},
author={Eric Zelikman and Yuhuai Wu and Jesse Mu and Noah Goodman},
booktitle={Advances in Neural Information Processing Systems (NeurIPS)},
year={2022},
url={https://openreview.net/forum?id=_3ELRdg2sgI}
}

@inproceedings{DBLP:conf/nips/Ouyang0JAWMZASR22,
  author       = {Long Ouyang and
                  Jeffrey Wu and
                  Xu Jiang and
                  Diogo Almeida and
                  Carroll L. Wainwright and
                  Pamela Mishkin and
                  Chong Zhang and
                  Sandhini Agarwal and
                  Katarina Slama and
                  Alex Ray and
                  John Schulman and
                  Jacob Hilton and
                  Fraser Kelton and
                  Luke Miller and
                  Maddie Simens and
                  Amanda Askell and
                  Peter Welinder and
                  Paul F. Christiano and
                  Jan Leike and
                  Ryan Lowe},
  title        = {Training language models to follow instructions with human feedback},
  booktitle    = {Advances in Neural Information Processing Systems (NeurIPS)},
  year         = {2022},
  url          = {http://papers.nips.cc/paper\_files/paper/2022/hash/b1efde53be364a73914f58805a001731-Abstract-Conference.html},
  timestamp    = {Mon, 08 Jan 2024 16:31:36 +0100},
  biburl       = {https://dblp.org/rec/conf/nips/Ouyang0JAWMZASR22.bib},
  bibsource    = {dblp computer science bibliography, https://dblp.org}
}

@article{DBLP:journals/corr/abs-2307-04964,
  author       = {Rui Zheng and
                  Shihan Dou and
                  Songyang Gao and
                  Yuan Hua and
                  Wei Shen and
                  Binghai Wang and
                  Yan Liu and
                  Senjie Jin and
                  Qin Liu and
                  Yuhao Zhou and
                  Limao Xiong and
                  Lu Chen and
                  Zhiheng Xi and
                  Nuo Xu and
                  Wenbin Lai and
                  Minghao Zhu and
                  Cheng Chang and
                  Zhangyue Yin and
                  Rongxiang Weng and
                  Wensen Cheng and
                  Haoran Huang and
                  Tianxiang Sun and
                  Hang Yan and
                  Tao Gui and
                  Qi Zhang and
                  Xipeng Qiu and
                  Xuanjing Huang},
  title        = {Secrets of {RLHF} in Large Language Models Part {I:} {PPO}},
  journal      = {CoRR},
  volume       = {abs/2307.04964},
  year         = {2023},
  url          = {https://doi.org/10.48550/arXiv.2307.04964},
  doi          = {10.48550/ARXIV.2307.04964},
  eprinttype    = {arXiv},
  eprint       = {2307.04964},
  timestamp    = {Fri, 27 Oct 2023 10:07:25 +0200},
  biburl       = {https://dblp.org/rec/journals/corr/abs-2307-04964.bib},
  bibsource    = {dblp computer science bibliography, https://dblp.org}
}

@article{DBLP:journals/corr/abs-2304-06767,
  author       = {Hanze Dong and
                  Wei Xiong and
                  Deepanshu Goyal and
                  Rui Pan and
                  Shizhe Diao and
                  Jipeng Zhang and
                  Kashun Shum and
                  Tong Zhang},
  title        = {{RAFT:} Reward rAnked FineTuning for Generative Foundation Model Alignment},
  journal      = {CoRR},
  volume       = {abs/2304.06767},
  year         = {2023},
  url          = {https://doi.org/10.48550/arXiv.2304.06767},
  doi          = {10.48550/ARXIV.2304.06767},
  eprinttype    = {arXiv},
  eprint       = {2304.06767},
  timestamp    = {Sat, 30 Sep 2023 10:10:26 +0200},
  biburl       = {https://dblp.org/rec/journals/corr/abs-2304-06767.bib},
  bibsource    = {dblp computer science bibliography, https://dblp.org}
}

@article{DBLP:journals/corr/abs-2309-07124,
  author       = {Yuhui Li and
                  Fangyun Wei and
                  Jinjing Zhao and
                  Chao Zhang and
                  Hongyang Zhang},
  title        = {{RAIN:} Your Language Models Can Align Themselves without Finetuning},
  journal      = {CoRR},
  volume       = {abs/2309.07124},
  year         = {2023},
  url          = {https://doi.org/10.48550/arXiv.2309.07124},
  doi          = {10.48550/ARXIV.2309.07124},
  eprinttype    = {arXiv},
  eprint       = {2309.07124},
  timestamp    = {Tue, 26 Mar 2024 14:38:04 +0100},
  biburl       = {https://dblp.org/rec/journals/corr/abs-2309-07124.bib},
  bibsource    = {dblp computer science bibliography, https://dblp.org}
}

@article{DBLP:journals/corr/abs-2309-03409,
  author       = {Chengrun Yang and
                  Xuezhi Wang and
                  Yifeng Lu and
                  Hanxiao Liu and
                  Quoc V. Le and
                  Denny Zhou and
                  Xinyun Chen},
  title        = {Large Language Models as Optimizers},
  journal      = {CoRR},
  volume       = {abs/2309.03409},
  year         = {2023},
  url          = {https://doi.org/10.48550/arXiv.2309.03409},
  doi          = {10.48550/ARXIV.2309.03409},
  eprinttype    = {arXiv},
  eprint       = {2309.03409},
  timestamp    = {Tue, 12 Sep 2023 12:50:52 +0200},
  biburl       = {https://dblp.org/rec/journals/corr/abs-2309-03409.bib},
  bibsource    = {dblp computer science bibliography, https://dblp.org}
}

@article{DBLP:journals/corr/abs-2311-04155,
  author       = {Jiale Cheng and
                  Xiao Liu and
                  Kehan Zheng and
                  Pei Ke and
                  Hongning Wang and
                  Yuxiao Dong and
                  Jie Tang and
                  Minlie Huang},
  title        = {Black-Box Prompt Optimization: Aligning Large Language Models without
                  Model Training},
  journal      = {CoRR},
  volume       = {abs/2311.04155},
  year         = {2023},
  url          = {https://doi.org/10.48550/arXiv.2311.04155},
  doi          = {10.48550/ARXIV.2311.04155},
  eprinttype    = {arXiv},
  eprint       = {2311.04155},
  timestamp    = {Tue, 14 Nov 2023 14:47:55 +0100},
  biburl       = {https://dblp.org/rec/journals/corr/abs-2311-04155.bib},
  bibsource    = {dblp computer science bibliography, https://dblp.org}
}

@article{DBLP:journals/corr/abs-2310-10505,
  author       = {Ziniu Li and
                  Tian Xu and
                  Yushun Zhang and
                  Yang Yu and
                  Ruoyu Sun and
                  Zhi{-}Quan Luo},
  title        = {ReMax: {A} Simple, Effective, and Efficient Reinforcement Learning
                  Method for Aligning Large Language Models},
  journal      = {CoRR},
  volume       = {abs/2310.10505},
  year         = {2023},
  url          = {https://doi.org/10.48550/arXiv.2310.10505},
  doi          = {10.48550/ARXIV.2310.10505},
  eprinttype    = {arXiv},
  eprint       = {2310.10505},
  timestamp    = {Wed, 25 Oct 2023 17:11:46 +0200},
  biburl       = {https://dblp.org/rec/journals/corr/abs-2310-10505.bib},
  bibsource    = {dblp computer science bibliography, https://dblp.org}
}

@article{DBLP:journals/corr/abs-2212-08073,
  author       = {Yuntao Bai and
                  Saurav Kadavath and
                  Sandipan Kundu and
                  Amanda Askell and
                  Jackson Kernion and
                  Andy Jones and
                  Anna Chen and
                  Anna Goldie and
                  Azalia Mirhoseini and
                  Cameron McKinnon and
                  Carol Chen and
                  Catherine Olsson and
                  Christopher Olah and
                  Danny Hernandez and
                  Dawn Drain and
                  Deep Ganguli and
                  Dustin Li and
                  Eli Tran{-}Johnson and
                  Ethan Perez and
                  Jamie Kerr and
                  Jared Mueller and
                  Jeffrey Ladish and
                  Joshua Landau and
                  Kamal Ndousse and
                  Kamile Lukosiute and
                  Liane Lovitt and
                  Michael Sellitto and
                  Nelson Elhage and
                  Nicholas Schiefer and
                  Noem{\'{\i}} Mercado and
                  Nova DasSarma and
                  Robert Lasenby and
                  Robin Larson and
                  Sam Ringer and
                  Scott Johnston and
                  Shauna Kravec and
                  Sheer El Showk and
                  Stanislav Fort and
                  Tamera Lanham and
                  Timothy Telleen{-}Lawton and
                  Tom Conerly and
                  Tom Henighan and
                  Tristan Hume and
                  Samuel R. Bowman and
                  Zac Hatfield{-}Dodds and
                  Ben Mann and
                  Dario Amodei and
                  Nicholas Joseph and
                  Sam McCandlish and
                  Tom Brown and
                  Jared Kaplan},
  title        = {Constitutional {AI:} Harmlessness from {AI} Feedback},
  journal      = {CoRR},
  volume       = {abs/2212.08073},
  year         = {2022},
  url          = {https://doi.org/10.48550/arXiv.2212.08073},
  doi          = {10.48550/ARXIV.2212.08073},
  eprinttype    = {arXiv},
  eprint       = {2212.08073},
  timestamp    = {Mon, 02 Jan 2023 15:09:55 +0100},
  biburl       = {https://dblp.org/rec/journals/corr/abs-2212-08073.bib},
  bibsource    = {dblp computer science bibliography, https://dblp.org}
}

@article{DBLP:journals/corr/abs-2310-13548,
  author       = {Mrinank Sharma and
                  Meg Tong and
                  Tomasz Korbak and
                  David Duvenaud and
                  Amanda Askell and
                  Samuel R. Bowman and
                  Newton Cheng and
                  Esin Durmus and
                  Zac Hatfield{-}Dodds and
                  Scott R. Johnston and
                  Shauna Kravec and
                  Timothy Maxwell and
                  Sam McCandlish and
                  Kamal Ndousse and
                  Oliver Rausch and
                  Nicholas Schiefer and
                  Da Yan and
                  Miranda Zhang and
                  Ethan Perez},
  title        = {Towards Understanding Sycophancy in Language Models},
  journal      = {CoRR},
  volume       = {abs/2310.13548},
  year         = {2023},
  url          = {https://doi.org/10.48550/arXiv.2310.13548},
  doi          = {10.48550/ARXIV.2310.13548},
  eprinttype    = {arXiv},
  eprint       = {2310.13548},
  timestamp    = {Fri, 27 Oct 2023 12:21:19 +0200},
  biburl       = {https://dblp.org/rec/journals/corr/abs-2310-13548.bib},
  bibsource    = {dblp computer science bibliography, https://dblp.org}
}

@article{DBLP:journals/corr/abs-2307-15217,
  author       = {Stephen Casper and
                  Xander Davies and
                  Claudia Shi and
                  Thomas Krendl Gilbert and
                  J{\'{e}}r{\'{e}}my Scheurer and
                  Javier Rando and
                  Rachel Freedman and
                  Tomasz Korbak and
                  David Lindner and
                  Pedro Freire and
                  Tony Wang and
                  Samuel Marks and
                  Charbel{-}Rapha{\"{e}}l S{\'{e}}gerie and
                  Micah Carroll and
                  Andi Peng and
                  Phillip J. K. Christoffersen and
                  Mehul Damani and
                  Stewart Slocum and
                  Usman Anwar and
                  Anand Siththaranjan and
                  Max Nadeau and
                  Eric J. Michaud and
                  Jacob Pfau and
                  Dmitrii Krasheninnikov and
                  Xin Chen and
                  Lauro Langosco and
                  Peter Hase and
                  Erdem Biyik and
                  Anca D. Dragan and
                  David Krueger and
                  Dorsa Sadigh and
                  Dylan Hadfield{-}Menell},
  title        = {Open Problems and Fundamental Limitations of Reinforcement Learning
                  from Human Feedback},
  journal      = {CoRR},
  volume       = {abs/2307.15217},
  year         = {2023},
  url          = {https://doi.org/10.48550/arXiv.2307.15217},
  doi          = {10.48550/ARXIV.2307.15217},
  eprinttype    = {arXiv},
  eprint       = {2307.15217},
  timestamp    = {Wed, 02 Aug 2023 15:37:53 +0200},
  biburl       = {https://dblp.org/rec/journals/corr/abs-2307-15217.bib},
  bibsource    = {dblp computer science bibliography, https://dblp.org}
}

@article{DBLP:journals/corr/abs-2304-05302,
  author       = {Zheng Yuan and
                  Hongyi Yuan and
                  Chuanqi Tan and
                  Wei Wang and
                  Songfang Huang and
                  Fei Huang},
  title        = {{RRHF:} Rank Responses to Align Language Models with Human Feedback
                  without tears},
  journal      = {CoRR},
  volume       = {abs/2304.05302},
  year         = {2023},
  url          = {https://doi.org/10.48550/arXiv.2304.05302},
  doi          = {10.48550/ARXIV.2304.05302},
  eprinttype    = {arXiv},
  eprint       = {2304.05302},
  timestamp    = {Wed, 19 Apr 2023 12:42:23 +0200},
  biburl       = {https://dblp.org/rec/journals/corr/abs-2304-05302.bib},
  bibsource    = {dblp computer science bibliography, https://dblp.org}
}

@article{DBLP:journals/corr/abs-2309-06657,
  author       = {Tianqi Liu and
                  Yao Zhao and
                  Rishabh Joshi and
                  Misha Khalman and
                  Mohammad Saleh and
                  Peter J. Liu and
                  Jialu Liu},
  title        = {Statistical Rejection Sampling Improves Preference Optimization},
  journal      = {CoRR},
  volume       = {abs/2309.06657},
  year         = {2023},
  url          = {https://doi.org/10.48550/arXiv.2309.06657},
  doi          = {10.48550/ARXIV.2309.06657},
  eprinttype    = {arXiv},
  eprint       = {2309.06657},
  timestamp    = {Tue, 19 Sep 2023 11:50:58 +0200},
  biburl       = {https://dblp.org/rec/journals/corr/abs-2309-06657.bib},
  bibsource    = {dblp computer science bibliography, https://dblp.org}
}

@inproceedings{DBLP:conf/naacl/ChenDPMISK22,
  author       = {Mingda Chen and
                  Jingfei Du and
                  Ramakanth Pasunuru and
                  Todor Mihaylov and
                  Srini Iyer and
                  Veselin Stoyanov and
                  Zornitsa Kozareva},
  title        = {Improving In-Context Few-Shot Learning via Self-Supervised Training},
  booktitle    = {Proceedings of the Annual Conference of the North American Chapter of the Association for Computational Linguistics: Human LanguageTechnologies (NAACL-HLT)},
  pages        = {3558--3573},
  publisher    = {Association for Computational Linguistics},
  year         = {2022},
  url          = {https://doi.org/10.18653/v1/2022.naacl-main.260},
  doi          = {10.18653/V1/2022.NAACL-MAIN.260},
  timestamp    = {Tue, 09 May 2023 21:48:33 +0200},
  biburl       = {https://dblp.org/rec/conf/naacl/ChenDPMISK22.bib},
  bibsource    = {dblp computer science bibliography, https://dblp.org}
}

@article{DBLP:journals/corr/abs-2308-05374,
  author       = {Yang Liu and
                  Yuanshun Yao and
                  Jean{-}Francois Ton and
                  Xiaoying Zhang and
                  Ruocheng Guo and
                  Hao Cheng and
                  Yegor Klochkov and
                  Muhammad Faaiz Taufiq and
                  Hang Li},
  title        = {Trustworthy LLMs: a Survey and Guideline for Evaluating Large Language
                  Models' Alignment},
  journal      = {CoRR},
  volume       = {abs/2308.05374},
  year         = {2023},
  url          = {https://doi.org/10.48550/arXiv.2308.05374},
  doi          = {10.48550/ARXIV.2308.05374},
  eprinttype    = {arXiv},
  eprint       = {2308.05374},
  timestamp    = {Tue, 22 Aug 2023 13:58:15 +0200},
  biburl       = {https://dblp.org/rec/journals/corr/abs-2308-05374.bib},
  bibsource    = {dblp computer science bibliography, https://dblp.org}
}

@article{DBLP:journals/corr/abs-2309-07597,
  author       = {Shitao Xiao and
                  Zheng Liu and
                  Peitian Zhang and
                  Niklas Muennighof},
  title        = {C-Pack: Packaged Resources To Advance General Chinese Embedding},
  journal      = {CoRR},
  volume       = {abs/2309.07597},
  year         = {2023},
  url          = {https://doi.org/10.48550/arXiv.2309.07597},
  doi          = {10.48550/ARXIV.2309.07597},
  eprinttype    = {arXiv},
  eprint       = {2309.07597},
  timestamp    = {Tue, 19 Sep 2023 11:50:58 +0200},
  biburl       = {https://dblp.org/rec/journals/corr/abs-2309-07597.bib},
  bibsource    = {dblp computer science bibliography, https://dblp.org}
}

@article{DBLP:journals/corr/abs-2202-08904,
  author       = {Niklas Muennighoff},
  title        = {{SGPT:} {GPT} Sentence Embeddings for Semantic Search},
  journal      = {CoRR},
  volume       = {abs/2202.08904},
  year         = {2022},
  url          = {https://arxiv.org/abs/2202.08904},
  eprinttype    = {arXiv},
  eprint       = {2202.08904},
  timestamp    = {Tue, 01 Mar 2022 18:26:00 +0100},
  biburl       = {https://dblp.org/rec/journals/corr/abs-2202-08904.bib},
  bibsource    = {dblp computer science bibliography, https://dblp.org}
}

@inproceedings{DBLP:conf/iclr/KhotTFF0CS23,
  author       = {Tushar Khot and
                  Harsh Trivedi and
                  Matthew Finlayson and
                  Yao Fu and
                  Kyle Richardson and
                  Peter Clark and
                  Ashish Sabharwal},
  title        = {Decomposed Prompting: {A} Modular Approach for Solving Complex Tasks},
  booktitle    = {International Conference on Learning Representations (ICLR)},
  publisher    = {OpenReview.net},
  year         = {2023},
  url          = {https://openreview.net/pdf?id=\_nGgzQjzaRy},
  timestamp    = {Fri, 30 Jun 2023 14:55:53 +0200},
  biburl       = {https://dblp.org/rec/conf/iclr/KhotTFF0CS23.bib},
  bibsource    = {dblp computer science bibliography, https://dblp.org}
}

@article{DBLP:journals/corr/abs-2107-02137,
  author       = {Yu Sun and
                  Shuohuan Wang and
                  Shikun Feng and
                  Siyu Ding and
                  Chao Pang and
                  Junyuan Shang and
                  Jiaxiang Liu and
                  Xuyi Chen and
                  Yanbin Zhao and
                  Yuxiang Lu and
                  Weixin Liu and
                  Zhihua Wu and
                  Weibao Gong and
                  Jianzhong Liang and
                  Zhizhou Shang and
                  Peng Sun and
                  Wei Liu and
                  Xuan Ouyang and
                  Dianhai Yu and
                  Hao Tian and
                  Hua Wu and
                  Haifeng Wang},
  title        = {{ERNIE} 3.0: Large-scale Knowledge Enhanced Pre-training for Language
                  Understanding and Generation},
  journal      = {CoRR},
  volume       = {abs/2107.02137},
  year         = {2021},
  url          = {https://arxiv.org/abs/2107.02137},
  eprinttype    = {arXiv},
  eprint       = {2107.02137},
  timestamp    = {Tue, 15 Mar 2022 17:41:07 +0100},
  biburl       = {https://dblp.org/rec/journals/corr/abs-2107-02137.bib},
  bibsource    = {dblp computer science bibliography, https://dblp.org}
}

@article{DBLP:journals/corr/abs-2309-16609,
  author       = {Jinze Bai and
                  Shuai Bai and
                  Yunfei Chu and
                  Zeyu Cui and
                  Kai Dang and
                  Xiaodong Deng and
                  Yang Fan and
                  Wenbin Ge and
                  Yu Han and
                  Fei Huang and
                  Binyuan Hui and
                  Luo Ji and
                  Mei Li and
                  Junyang Lin and
                  Runji Lin and
                  Dayiheng Liu and
                  Gao Liu and
                  Chengqiang Lu and
                  Keming Lu and
                  Jianxin Ma and
                  Rui Men and
                  Xingzhang Ren and
                  Xuancheng Ren and
                  Chuanqi Tan and
                  Sinan Tan and
                  Jianhong Tu and
                  Peng Wang and
                  Shijie Wang and
                  Wei Wang and
                  Shengguang Wu and
                  Benfeng Xu and
                  Jin Xu and
                  An Yang and
                  Hao Yang and
                  Jian Yang and
                  Shusheng Yang and
                  Yang Yao and
                  Bowen Yu and
                  Hongyi Yuan and
                  Zheng Yuan and
                  Jianwei Zhang and
                  Xingxuan Zhang and
                  Yichang Zhang and
                  Zhenru Zhang and
                  Chang Zhou and
                  Jingren Zhou and
                  Xiaohuan Zhou and
                  Tianhang Zhu},
  title        = {Qwen Technical Report},
  journal      = {CoRR},
  volume       = {abs/2309.16609},
  year         = {2023},
  url          = {https://doi.org/10.48550/arXiv.2309.16609},
  doi          = {10.48550/ARXIV.2309.16609},
  eprinttype    = {arXiv},
  eprint       = {2309.16609},
  timestamp    = {Wed, 18 Oct 2023 08:13:06 +0200},
  biburl       = {https://dblp.org/rec/journals/corr/abs-2309-16609.bib},
  bibsource    = {dblp computer science bibliography, https://dblp.org}
}

@article{DBLP:journals/corr/abs-2309-10305,
  author       = {Aiyuan Yang and
                  Bin Xiao and
                  Bingning Wang and
                  Borong Zhang and
                  Ce Bian and
                  Chao Yin and
                  Chenxu Lv and
                  Da Pan and
                  Dian Wang and
                  Dong Yan and
                  Fan Yang and
                  Fei Deng and
                  Feng Wang and
                  Feng Liu and
                  Guangwei Ai and
                  Guosheng Dong and
                  Haizhou Zhao and
                  Hang Xu and
                  Haoze Sun and
                  Hongda Zhang and
                  Hui Liu and
                  Jiaming Ji and
                  Jian Xie and
                  Juntao Dai and
                  Kun Fang and
                  Lei Su and
                  Liang Song and
                  Lifeng Liu and
                  Liyun Ru and
                  Luyao Ma and
                  Mang Wang and
                  Mickel Liu and
                  MingAn Lin and
                  Nuolan Nie and
                  Peidong Guo and
                  Ruiyang Sun and
                  Tao Zhang and
                  Tianpeng Li and
                  Tianyu Li and
                  Wei Cheng and
                  Weipeng Chen and
                  Xiangrong Zeng and
                  Xiaochuan Wang and
                  Xiaoxi Chen and
                  Xin Men and
                  Xin Yu and
                  Xuehai Pan and
                  Yanjun Shen and
                  Yiding Wang and
                  Yiyu Li and
                  Youxin Jiang and
                  Yuchen Gao and
                  Yupeng Zhang and
                  Zenan Zhou and
                  Zhiying Wu},
  title        = {Baichuan 2: Open Large-scale Language Models},
  journal      = {CoRR},
  volume       = {abs/2309.10305},
  year         = {2023},
  url          = {https://doi.org/10.48550/arXiv.2309.10305},
  doi          = {10.48550/ARXIV.2309.10305},
  eprinttype    = {arXiv},
  eprint       = {2309.10305},
  timestamp    = {Thu, 28 Sep 2023 16:22:06 +0200},
  biburl       = {https://dblp.org/rec/journals/corr/abs-2309-10305.bib},
  bibsource    = {dblp computer science bibliography, https://dblp.org}
}

@inproceedings{DBLP:conf/iclr/ZengLDWL0YXZXTM23,
  author       = {Aohan Zeng and
                  Xiao Liu and
                  Zhengxiao Du and
                  Zihan Wang and
                  Hanyu Lai and
                  Ming Ding and
                  Zhuoyi Yang and
                  Yifan Xu and
                  Wendi Zheng and
                  Xiao Xia and
                  Weng Lam Tam and
                  Zixuan Ma and
                  Yufei Xue and
                  Jidong Zhai and
                  Wenguang Chen and
                  Zhiyuan Liu and
                  Peng Zhang and
                  Yuxiao Dong and
                  Jie Tang},
  title        = {{GLM-130B:} An Open Bilingual Pre-trained Model},
  booktitle    = {International Conference on Learning Representations (ICLR)},
  publisher    = {OpenReview.net},
  year         = {2023},
  url          = {https://openreview.net/pdf?id=-Aw0rrrPUF},
  timestamp    = {Mon, 04 Sep 2023 20:40:36 +0200},
  biburl       = {https://dblp.org/rec/conf/iclr/ZengLDWL0YXZXTM23.bib},
  bibsource    = {dblp computer science bibliography, https://dblp.org}
}

@article{DBLP:journals/corr/abs-2303-08774,
  author       = {OpenAI},
  title        = {{GPT-4} Technical Report},
  journal      = {CoRR},
  volume       = {abs/2303.08774},
  year         = {2023},
  url          = {https://doi.org/10.48550/arXiv.2303.08774},
  doi          = {10.48550/ARXIV.2303.08774},
  eprinttype    = {arXiv},
  eprint       = {2303.08774},
  timestamp    = {Mon, 28 Aug 2023 21:26:19 +0200},
  biburl       = {https://dblp.org/rec/journals/corr/abs-2303-08774.bib},
  bibsource    = {dblp computer science bibliography, https://dblp.org}
}

@article{DBLP:journals/corr/abs-2307-09288,
  author       = {Hugo Touvron and
                  Louis Martin and
                  Kevin Stone and
                  Peter Albert and
                  Amjad Almahairi and
                  Yasmine Babaei and
                  Nikolay Bashlykov and
                  Soumya Batra and
                  Prajjwal Bhargava and
                  Shruti Bhosale and
                  Dan Bikel and
                  Lukas Blecher and
                  Cristian Canton{-}Ferrer and
                  Moya Chen and
                  Guillem Cucurull and
                  David Esiobu and
                  Jude Fernandes and
                  Jeremy Fu and
                  Wenyin Fu and
                  Brian Fuller and
                  Cynthia Gao and
                  Vedanuj Goswami and
                  Naman Goyal and
                  Anthony Hartshorn and
                  Saghar Hosseini and
                  Rui Hou and
                  Hakan Inan and
                  Marcin Kardas and
                  Viktor Kerkez and
                  Madian Khabsa and
                  Isabel Kloumann and
                  Artem Korenev and
                  Punit Singh Koura and
                  Marie{-}Anne Lachaux and
                  Thibaut Lavril and
                  Jenya Lee and
                  Diana Liskovich and
                  Yinghai Lu and
                  Yuning Mao and
                  Xavier Martinet and
                  Todor Mihaylov and
                  Pushkar Mishra and
                  Igor Molybog and
                  Yixin Nie and
                  Andrew Poulton and
                  Jeremy Reizenstein and
                  Rashi Rungta and
                  Kalyan Saladi and
                  Alan Schelten and
                  Ruan Silva and
                  Eric Michael Smith and
                  Ranjan Subramanian and
                  Xiaoqing Ellen Tan and
                  Binh Tang and
                  Ross Taylor and
                  Adina Williams and
                  Jian Xiang Kuan and
                  Puxin Xu and
                  Zheng Yan and
                  Iliyan Zarov and
                  Yuchen Zhang and
                  Angela Fan and
                  Melanie Kambadur and
                  Sharan Narang and
                  Aur{\'{e}}lien Rodriguez and
                  Robert Stojnic and
                  Sergey Edunov and
                  Thomas Scialom},
  title        = {Llama 2: Open Foundation and Fine-Tuned Chat Models},
  journal      = {CoRR},
  volume       = {abs/2307.09288},
  year         = {2023},
  url          = {https://doi.org/10.48550/arXiv.2307.09288},
  doi          = {10.48550/ARXIV.2307.09288},
  eprinttype    = {arXiv},
  eprint       = {2307.09288},
  timestamp    = {Mon, 28 Aug 2023 21:26:22 +0200},
  biburl       = {https://dblp.org/rec/journals/corr/abs-2307-09288.bib},
  bibsource    = {dblp computer science bibliography, https://dblp.org}
}

@article{DBLP:journals/corr/abs-2302-13971,
  author       = {Hugo Touvron and
                  Thibaut Lavril and
                  Gautier Izacard and
                  Xavier Martinet and
                  Marie{-}Anne Lachaux and
                  Timoth{\'{e}}e Lacroix and
                  Baptiste Rozi{\`{e}}re and
                  Naman Goyal and
                  Eric Hambro and
                  Faisal Azhar and
                  Aur{\'{e}}lien Rodriguez and
                  Armand Joulin and
                  Edouard Grave and
                  Guillaume Lample},
  title        = {LLaMA: Open and Efficient Foundation Language Models},
  journal      = {CoRR},
  volume       = {abs/2302.13971},
  year         = {2023},
  url          = {https://doi.org/10.48550/arXiv.2302.13971},
  doi          = {10.48550/ARXIV.2302.13971},
  eprinttype    = {arXiv},
  eprint       = {2302.13971},
  timestamp    = {Mon, 28 Aug 2023 21:26:20 +0200},
  biburl       = {https://dblp.org/rec/journals/corr/abs-2302-13971.bib},
  bibsource    = {dblp computer science bibliography, https://dblp.org}
}

@inproceedings{DBLP:conf/emnlp/PengAAAABCCCDDG23,
  author       = {Bo Peng and
                  Eric Alcaide and
                  Quentin Anthony and
                  Alon Albalak and
                  Samuel Arcadinho and
                  Stella Biderman and
                  Huanqi Cao and
                  Xin Cheng and
                  Michael Chung and
                  Leon Derczynski and
                  Xingjian Du and
                  Matteo Grella and
                  Kranthi Gv and
                  Xuzheng He and
                  Haowen Hou and
                  Przemyslaw Kazienko and
                  Jan Kocon and
                  Jiaming Kong and
                  Bartlomiej Koptyra and
                  Hayden Lau and
                  Jiaju Lin and
                  Krishna Sri Ipsit Mantri and
                  Ferdinand Mom and
                  Atsushi Saito and
                  Guangyu Song and
                  Xiangru Tang and
                  Johan S. Wind and
                  Stanislaw Wozniak and
                  Zhenyuan Zhang and
                  Qinghua Zhou and
                  Jian Zhu and
                  Rui{-}Jie Zhu},
  title        = {{RWKV:} Reinventing RNNs for the Transformer Era},
  booktitle    = {Proceedings of the Conference on Empirical Methods in Natural Language Processing (EMNLP)},
  pages        = {14048--14077},
  publisher    = {Association for Computational Linguistics},
  year         = {2023},
  url          = {https://aclanthology.org/2023.findings-emnlp.936},
  timestamp    = {Wed, 13 Dec 2023 17:20:20 +0100},
  biburl       = {https://dblp.org/rec/conf/emnlp/PengAAAABCCCDDG23.bib},
  bibsource    = {dblp computer science bibliography, https://dblp.org}
}

@inproceedings{DBLP:conf/eacl/RollerDGJWLXOSB21,
  author       = {Stephen Roller and
                  Emily Dinan and
                  Naman Goyal and
                  Da Ju and
                  Mary Williamson and
                  Yinhan Liu and
                  Jing Xu and
                  Myle Ott and
                  Eric Michael Smith and
                  Y{-}Lan Boureau and
                  Jason Weston},
  title        = {Recipes for Building an Open-Domain Chatbot},
  booktitle    = {Proceedings of Conference of the European Chapter of the Association for Computational Linguistics (EACL)},
  pages        = {300--325},
  publisher    = {Association for Computational Linguistics},
  year         = {2021},
  url          = {https://doi.org/10.18653/v1/2021.eacl-main.24},
  doi          = {10.18653/V1/2021.EACL-MAIN.24},
  timestamp    = {Thu, 20 Jan 2022 10:02:53 +0100},
  biburl       = {https://dblp.org/rec/conf/eacl/RollerDGJWLXOSB21.bib},
  bibsource    = {dblp computer science bibliography, https://dblp.org}
}

@inproceedings{DBLP:conf/acl/ZhangSGCBGGLD20,
  author       = {Yizhe Zhang and
                  Siqi Sun and
                  Michel Galley and
                  Yen{-}Chun Chen and
                  Chris Brockett and
                  Xiang Gao and
                  Jianfeng Gao and
                  Jingjing Liu and
                  Bill Dolan},
  title        = {{DIALOGPT} : Large-Scale Generative Pre-training for Conversational
                  Response Generation},
  booktitle    = {Proceedings of the Conference of the Association for Computational Linguistics (ACL)},
  pages        = {270--278},
  publisher    = {Association for Computational Linguistics},
  year         = {2020},
  url          = {https://doi.org/10.18653/v1/2020.acl-demos.30},
  doi          = {10.18653/V1/2020.ACL-DEMOS.30},
  timestamp    = {Sat, 30 Sep 2023 09:33:34 +0200},
  biburl       = {https://dblp.org/rec/conf/acl/ZhangSGCBGGLD20.bib},
  bibsource    = {dblp computer science bibliography, https://dblp.org}
}

@article{DBLP:journals/corr/abs-2001-09977,
  author       = {Daniel Adiwardana and
                  Minh{-}Thang Luong and
                  David R. So and
                  Jamie Hall and
                  Noah Fiedel and
                  Romal Thoppilan and
                  Zi Yang and
                  Apoorv Kulshreshtha and
                  Gaurav Nemade and
                  Yifeng Lu and
                  Quoc V. Le},
  title        = {Towards a Human-like Open-Domain Chatbot},
  journal      = {CoRR},
  volume       = {abs/2001.09977},
  year         = {2020},
  url          = {https://arxiv.org/abs/2001.09977},
  eprinttype    = {arXiv},
  eprint       = {2001.09977},
  timestamp    = {Thu, 30 Jan 2020 18:46:36 +0100},
  biburl       = {https://dblp.org/rec/journals/corr/abs-2001-09977.bib},
  bibsource    = {dblp computer science bibliography, https://dblp.org}
}

@inproceedings{DBLP:conf/acl/BaoHWWW20,
  author       = {Siqi Bao and
                  Huang He and
                  Fan Wang and
                  Hua Wu and
                  Haifeng Wang},
  title        = {{PLATO:} Pre-trained Dialogue Generation Model with Discrete Latent
                  Variable},
  booktitle    = {Proceedings of the Conference of the Association for Computational Linguistics (ACL)},
  pages        = {85--96},
  publisher    = {Association for Computational Linguistics},
  year         = {2020},
  url          = {https://doi.org/10.18653/v1/2020.acl-main.9},
  doi          = {10.18653/V1/2020.ACL-MAIN.9},
  timestamp    = {Thu, 23 Sep 2021 15:08:29 +0200},
  biburl       = {https://dblp.org/rec/conf/acl/BaoHWWW20.bib},
  bibsource    = {dblp computer science bibliography, https://dblp.org}
}

@inproceedings{DBLP:conf/emnlp/ChenLSMSW22,
  author       = {Zhiyu Chen and
                  Shiyang Li and
                  Charese Smiley and
                  Zhiqiang Ma and
                  Sameena Shah and
                  William Yang Wang},
  title        = {ConvFinQA: Exploring the Chain of Numerical Reasoning in Conversational
                  Finance Question Answering},
  booktitle    = {Proceedings of the Conference on Empirical Methods in Natural Language Processing (EMNLP)},
  pages        = {6279--6292},
  publisher    = {Association for Computational Linguistics},
  year         = {2022},
  url          = {https://doi.org/10.18653/v1/2022.emnlp-main.421},
  doi          = {10.18653/V1/2022.EMNLP-MAIN.421},
  timestamp    = {Mon, 26 Feb 2024 14:35:46 +0100},
  biburl       = {https://dblp.org/rec/conf/emnlp/ChenLSMSW22.bib},
  bibsource    = {dblp computer science bibliography, https://dblp.org}
}

@article{DBLP:journals/corr/abs-2310-15896,
  author       = {Yirong Chen and
                  Zhenyu Wang and
                  Xiaofen Xing and
                  Huimin Zheng and
                  Zhipei Xu and
                  Kai Fang and
                  Junhong Wang and
                  Sihang Li and
                  Jieling Wu and
                  Qi Liu and
                  Xiangmin Xu},
  title        = {BianQue: Balancing the Questioning and Suggestion Ability of Health
                  LLMs with Multi-turn Health Conversations Polished by ChatGPT},
  journal      = {CoRR},
  volume       = {abs/2310.15896},
  year         = {2023},
  url          = {https://doi.org/10.48550/arXiv.2310.15896},
  doi          = {10.48550/ARXIV.2310.15896},
  eprinttype    = {arXiv},
  eprint       = {2310.15896},
  timestamp    = {Tue, 31 Oct 2023 15:04:47 +0100},
  biburl       = {https://dblp.org/rec/journals/corr/abs-2310-15896.bib},
  bibsource    = {dblp computer science bibliography, https://dblp.org}
}

@article{DBLP:journals/corr/abs-2303-17564,
  author       = {Shijie Wu and
                  Ozan Irsoy and
                  Steven Lu and
                  Vadim Dabravolski and
                  Mark Dredze and
                  Sebastian Gehrmann and
                  Prabhanjan Kambadur and
                  David S. Rosenberg and
                  Gideon Mann},
  title        = {BloombergGPT: {A} Large Language Model for Finance},
  journal      = {CoRR},
  volume       = {abs/2303.17564},
  year         = {2023},
  url          = {https://doi.org/10.48550/arXiv.2303.17564},
  doi          = {10.48550/ARXIV.2303.17564},
  eprinttype    = {arXiv},
  eprint       = {2303.17564},
  timestamp    = {Fri, 06 Oct 2023 19:24:15 +0200},
  biburl       = {https://dblp.org/rec/journals/corr/abs-2303-17564.bib},
  bibsource    = {dblp computer science bibliography, https://dblp.org}
}

@article{DBLP:journals/corr/abs-2306-14096,
  author       = {Yinyu Lan and
                  Yanru Wu and
                  Wang Xu and
                  Weiqiang Feng and
                  Youhao Zhang},
  title        = {Chinese Fine-Grained Financial Sentiment Analysis with Large Language
                  Models},
  journal      = {CoRR},
  volume       = {abs/2306.14096},
  year         = {2023},
  url          = {https://doi.org/10.48550/arXiv.2306.14096},
  doi          = {10.48550/ARXIV.2306.14096},
  eprinttype    = {arXiv},
  eprint       = {2306.14096},
  timestamp    = {Tue, 27 Jun 2023 17:45:46 +0200},
  biburl       = {https://dblp.org/rec/journals/corr/abs-2306-14096.bib},
  bibsource    = {dblp computer science bibliography, https://dblp.org}
}

@article{DBLP:journals/corr/abs-2306-06031,
  author       = {Hongyang Yang and
                  Xiao{-}Yang Liu and
                  Christina Dan Wang},
  title        = {FinGPT: Open-Source Financial Large Language Models},
  journal      = {CoRR},
  volume       = {abs/2306.06031},
  year         = {2023},
  url          = {https://doi.org/10.48550/arXiv.2306.06031},
  doi          = {10.48550/ARXIV.2306.06031},
  eprinttype    = {arXiv},
  eprint       = {2306.06031},
  timestamp    = {Wed, 14 Jun 2023 13:17:00 +0200},
  biburl       = {https://dblp.org/rec/journals/corr/abs-2306-06031.bib},
  bibsource    = {dblp computer science bibliography, https://dblp.org}
}

@article{DBLP:journals/corr/abs-2310-04793,
  author       = {Neng Wang and
                  Hongyang Yang and
                  Christina Dan Wang},
  title        = {FinGPT: Instruction Tuning Benchmark for Open-Source Large Language
                  Models in Financial Datasets},
  journal      = {CoRR},
  volume       = {abs/2310.04793},
  year         = {2023},
  url          = {https://doi.org/10.48550/arXiv.2310.04793},
  doi          = {10.48550/ARXIV.2310.04793},
  eprinttype    = {arXiv},
  eprint       = {2310.04793},
  timestamp    = {Fri, 20 Oct 2023 12:04:38 +0200},
  biburl       = {https://dblp.org/rec/journals/corr/abs-2310-04793.bib},
  bibsource    = {dblp computer science bibliography, https://dblp.org}
}

@article{DBLP:journals/corr/abs-2304-06975,
  author       = {Haochun Wang and
                  Chi Liu and
                  Nuwa Xi and
                  Zewen Qiang and
                  Sendong Zhao and
                  Bing Qin and
                  Ting Liu},
  title        = {HuaTuo: Tuning LLaMA Model with Chinese Medical Knowledge},
  journal      = {CoRR},
  volume       = {abs/2304.06975},
  year         = {2023},
  url          = {https://doi.org/10.48550/arXiv.2304.06975},
  doi          = {10.48550/ARXIV.2304.06975},
  eprinttype    = {arXiv},
  eprint       = {2304.06975},
  timestamp    = {Wed, 19 Apr 2023 12:42:23 +0200},
  biburl       = {https://dblp.org/rec/journals/corr/abs-2304-06975.bib},
  bibsource    = {dblp computer science bibliography, https://dblp.org}
}

@article{DBLP:journals/corr/abs-2306-05443,
  author       = {Qianqian Xie and
                  Weiguang Han and
                  Xiao Zhang and
                  Yanzhao Lai and
                  Min Peng and
                  Alejandro Lopez{-}Lira and
                  Jimin Huang},
  title        = {{PIXIU:} {A} Large Language Model, Instruction Data and Evaluation
                  Benchmark for Finance},
  journal      = {CoRR},
  volume       = {abs/2306.05443},
  year         = {2023},
  url          = {https://doi.org/10.48550/arXiv.2306.05443},
  doi          = {10.48550/ARXIV.2306.05443},
  eprinttype    = {arXiv},
  eprint       = {2306.05443},
  timestamp    = {Tue, 05 Mar 2024 16:17:06 +0100},
  biburl       = {https://dblp.org/rec/journals/corr/abs-2306-05443.bib},
  bibsource    = {dblp computer science bibliography, https://dblp.org}
}

@article{DBLP:journals/corr/abs-2402-12659,
  author       = {Qianqian Xie and
                  Weiguang Han and
                  Zhengyu Chen and
                  Ruoyu Xiang and
                  Xiao Zhang and
                  Yueru He and
                  Mengxi Xiao and
                  Dong Li and
                  Yongfu Dai and
                  Duanyu Feng and
                  Yijing Xu and
                  Haoqiang Kang and
                  Ziyan Kuang and
                  Chenhan Yuan and
                  Kailai Yang and
                  Zheheng Luo and
                  Tianlin Zhang and
                  Zhiwei Liu and
                  Guojun Xiong and
                  Zhiyang Deng and
                  Yuechen Jiang and
                  Zhiyuan Yao and
                  Haohang Li and
                  Yangyang Yu and
                  Gang Hu and
                  Jiajia Huang and
                  Xiao{-}Yang Liu and
                  Alejandro Lopez{-}Lira and
                  Benyou Wang and
                  Yanzhao Lai and
                  Hao Wang and
                  Min Peng and
                  Sophia Ananiadou and
                  Jimin Huang},
  title        = {The FinBen: An Holistic Financial Benchmark for Large Language Models},
  journal      = {CoRR},
  volume       = {abs/2402.12659},
  year         = {2024},
  url          = {https://doi.org/10.48550/arXiv.2402.12659},
  doi          = {10.48550/ARXIV.2402.12659},
  eprinttype    = {arXiv},
  eprint       = {2402.12659},
  timestamp    = {Thu, 21 Mar 2024 15:46:29 +0100},
  biburl       = {https://dblp.org/rec/journals/corr/abs-2402-12659.bib},
  bibsource    = {dblp computer science bibliography, https://dblp.org}
}

@inproceedings{DBLP:conf/emnlp/MinLHALHZ22,
  author       = {Sewon Min and
                  Xinxi Lyu and
                  Ari Holtzman and
                  Mikel Artetxe and
                  Mike Lewis and
                  Hannaneh Hajishirzi and
                  Luke Zettlemoyer},
  title        = {Rethinking the Role of Demonstrations: What Makes In-Context Learning
                  Work?},
  booktitle    = {Proceedings of the Conference on Empirical Methods in Natural Language Processing (EMNLP)},
  pages        = {11048--11064},
  publisher    = {Association for Computational Linguistics},
  year         = {2022},
  url          = {https://doi.org/10.18653/v1/2022.emnlp-main.759},
  doi          = {10.18653/V1/2022.EMNLP-MAIN.759},
  timestamp    = {Thu, 10 Aug 2023 12:35:36 +0200},
  biburl       = {https://dblp.org/rec/conf/emnlp/MinLHALHZ22.bib},
  bibsource    = {dblp computer science bibliography, https://dblp.org}
}

@inproceedings{DBLP:conf/emnlp/MadaanZ0YN22,
  author       = {Aman Madaan and
                  Shuyan Zhou and
                  Uri Alon and
                  Yiming Yang and
                  Graham Neubig},
  title        = {Language Models of Code are Few-Shot Commonsense Learners},
  booktitle    = {Proceedings of the Conference on Empirical Methods in Natural Language Processing (EMNLP)},
  pages        = {1384--1403},
  publisher    = {Association for Computational Linguistics},
  year         = {2022},
  url          = {https://doi.org/10.18653/v1/2022.emnlp-main.90},
  doi          = {10.18653/V1/2022.EMNLP-MAIN.90},
  timestamp    = {Thu, 10 Aug 2023 12:35:34 +0200},
  biburl       = {https://dblp.org/rec/conf/emnlp/MadaanZ0YN22.bib},
  bibsource    = {dblp computer science bibliography, https://dblp.org}
}

@inproceedings{DBLP:conf/iclr/WeiBZGYLDDL22,
  author       = {Jason Wei and
                  Maarten Bosma and
                  Vincent Y. Zhao and
                  Kelvin Guu and
                  Adams Wei Yu and
                  Brian Lester and
                  Nan Du and
                  Andrew M. Dai and
                  Quoc V. Le},
  title        = {Finetuned Language Models are Zero-Shot Learners},
  booktitle    = {International Conference on Learning Representations (ICLR)},
  publisher    = {OpenReview.net},
  year         = {2022},
  url          = {https://openreview.net/forum?id=gEZrGCozdqR},
  timestamp    = {Wed, 16 Aug 2023 16:10:28 +0200},
  biburl       = {https://dblp.org/rec/conf/iclr/WeiBZGYLDDL22.bib},
  bibsource    = {dblp computer science bibliography, https://dblp.org}
}

@article{radford2019language,
  title={Language models are unsupervised multitask learners},
  author={Radford, Alec and Wu, Jeffrey and Child, Rewon and Luan, David and Amodei, Dario and Sutskever, Ilya and others},
  journal={OpenAI blog},
  volume={1},
  number={8},
  pages={9},
  year={2019}
}

@article{DBLP:journals/corr/abs-2303-03846,
  author       = {Jerry W. Wei and
                  Jason Wei and
                  Yi Tay and
                  Dustin Tran and
                  Albert Webson and
                  Yifeng Lu and
                  Xinyun Chen and
                  Hanxiao Liu and
                  Da Huang and
                  Denny Zhou and
                  Tengyu Ma},
  title        = {Larger language models do in-context learning differently},
  journal      = {CoRR},
  volume       = {abs/2303.03846},
  year         = {2023},
  url          = {https://doi.org/10.48550/arXiv.2303.03846},
  doi          = {10.48550/ARXIV.2303.03846},
  eprinttype    = {arXiv},
  eprint       = {2303.03846},
  timestamp    = {Wed, 15 Mar 2023 17:23:45 +0100},
  biburl       = {https://dblp.org/rec/journals/corr/abs-2303-03846.bib},
  bibsource    = {dblp computer science bibliography, https://dblp.org}
}

@inproceedings{DBLP:conf/iclr/HuSWALWWC22,
  author       = {Edward J. Hu and
                  Yelong Shen and
                  Phillip Wallis and
                  Zeyuan Allen{-}Zhu and
                  Yuanzhi Li and
                  Shean Wang and
                  Lu Wang and
                  Weizhu Chen},
  title        = {LoRA: Low-Rank Adaptation of Large Language Models},
  booktitle    = {International Conference on Learning Representations (ICLR)},
  publisher    = {OpenReview.net},
  year         = {2022},
  url          = {https://openreview.net/forum?id=nZeVKeeFYf9},
  timestamp    = {Sat, 20 Aug 2022 01:15:42 +0200},
  biburl       = {https://dblp.org/rec/conf/iclr/HuSWALWWC22.bib},
  bibsource    = {dblp computer science bibliography, https://dblp.org}
}

@inproceedings{lester-etal-2021-power,
    title = "The Power of Scale for Parameter-Efficient Prompt Tuning",
    author = "Lester, Brian  and
      Al-Rfou, Rami  and
      Constant, Noah",
  title        = {Prefix-Tuning: Optimizing Continuous Prompts for Generation},
  booktitle    = {Proceedings of the Conference of the Association for Computational Linguistics and International Joint Conference on Natural Language Processing (ACL/IJCNLP)},
  pages        = {4582--4597},
  publisher    = {Association for Computational Linguistics},
  year         = {2021},
  url          = {https://doi.org/10.18653/v1/2021.acl-long.353},
  doi          = {10.18653/V1/2021.ACL-LONG.353},
  timestamp    = {Wed, 16 Mar 2022 23:55:03 +0100},
  biburl       = {https://dblp.org/rec/conf/acl/LiL20.bib},
  bibsource    = {dblp computer science bibliography, https://dblp.org}
}

@article{DBLP:journals/corr/abs-2110-07602,
  author       = {Xiao Liu and
                  Kaixuan Ji and
                  Yicheng Fu and
                  Zhengxiao Du and
                  Zhilin Yang and
                  Jie Tang},
  title        = {P-Tuning v2: Prompt Tuning Can Be Comparable to Fine-tuning Universally
                  Across Scales and Tasks},
  journal      = {CoRR},
  volume       = {abs/2110.07602},
  year         = {2021},
  url          = {https://arxiv.org/abs/2110.07602},
  eprinttype    = {arXiv},
  eprint       = {2110.07602},
  timestamp    = {Mon, 04 Sep 2023 20:40:37 +0200},
  biburl       = {https://dblp.org/rec/journals/corr/abs-2110-07602.bib},
  bibsource    = {dblp computer science bibliography, https://dblp.org}
}

@inproceedings{DBLP:conf/acl/WangKMLSKH23,
  author       = {Yizhong Wang and
                  Yeganeh Kordi and
                  Swaroop Mishra and
                  Alisa Liu and
                  Noah A. Smith and
                  Daniel Khashabi and
                  Hannaneh Hajishirzi},
  title        = {Self-Instruct: Aligning Language Models with Self-Generated Instructions},
  booktitle    = {Proceedings of the Conference of the Association for Computational Linguistics (ACL)},
  pages        = {13484--13508},
  publisher    = {Association for Computational Linguistics},
  year         = {2023},
  url          = {https://doi.org/10.18653/v1/2023.acl-long.754},
  doi          = {10.18653/V1/2023.ACL-LONG.754},
  timestamp    = {Thu, 10 Aug 2023 12:35:44 +0200},
  biburl       = {https://dblp.org/rec/conf/acl/WangKMLSKH23.bib},
  bibsource    = {dblp computer science bibliography, https://dblp.org}
}

@article{DBLP:journals/corr/abs-2307-03172,
  author       = {Nelson F. Liu and
                  Kevin Lin and
                  John Hewitt and
                  Ashwin Paranjape and
                  Michele Bevilacqua and
                  Fabio Petroni and
                  Percy Liang},
  title        = {Lost in the Middle: How Language Models Use Long Contexts},
  journal      = {CoRR},
  volume       = {abs/2307.03172},
  year         = {2023},
  url          = {https://doi.org/10.48550/arXiv.2307.03172},
  doi          = {10.48550/ARXIV.2307.03172},
  eprinttype    = {arXiv},
  eprint       = {2307.03172},
  timestamp    = {Mon, 10 Jul 2023 17:27:00 +0200},
  biburl       = {https://dblp.org/rec/journals/corr/abs-2307-03172.bib},
  bibsource    = {dblp computer science bibliography, https://dblp.org}
}

@article{DBLP:journals/corr/abs-2306-16092,
  author       = {Jiaxi Cui and
                  Zongjian Li and
                  Yang Yan and
                  Bohua Chen and
                  Li Yuan},
  title        = {ChatLaw: Open-Source Legal Large Language Model with Integrated External
                  Knowledge Bases},
  journal      = {CoRR},
  volume       = {abs/2306.16092},
  year         = {2023},
  url          = {https://doi.org/10.48550/arXiv.2306.16092},
  doi          = {10.48550/ARXIV.2306.16092},
  eprinttype    = {arXiv},
  eprint       = {2306.16092},
  timestamp    = {Mon, 03 Jul 2023 12:06:15 +0200},
  biburl       = {https://dblp.org/rec/journals/corr/abs-2306-16092.bib},
  bibsource    = {dblp computer science bibliography, https://dblp.org}
}

@article{DBLP:journals/corr/abs-2305-03653,
  author       = {Rolf Jagerman and
                  Honglei Zhuang and
                  Zhen Qin and
                  Xuanhui Wang and
                  Michael Bendersky},
  title        = {Query Expansion by Prompting Large Language Models},
  journal      = {CoRR},
  volume       = {abs/2305.03653},
  year         = {2023},
  url          = {https://doi.org/10.48550/arXiv.2305.03653},
  doi          = {10.48550/ARXIV.2305.03653},
  eprinttype    = {arXiv},
  eprint       = {2305.03653},
  timestamp    = {Wed, 10 May 2023 16:08:41 +0200},
  biburl       = {https://dblp.org/rec/journals/corr/abs-2305-03653.bib},
  bibsource    = {dblp computer science bibliography, https://dblp.org}
}

@article{DBLP:journals/corr/abs-2312-10997,
  author       = {Yunfan Gao and
                  Yun Xiong and
                  Xinyu Gao and
                  Kangxiang Jia and
                  Jinliu Pan and
                  Yuxi Bi and
                  Yi Dai and
                  Jiawei Sun and
                  Qianyu Guo and
                  Meng Wang and
                  Haofen Wang},
  title        = {Retrieval-Augmented Generation for Large Language Models: {A} Survey},
  journal      = {CoRR},
  volume       = {abs/2312.10997},
  year         = {2023},
  url          = {https://doi.org/10.48550/arXiv.2312.10997},
  doi          = {10.48550/ARXIV.2312.10997},
  eprinttype    = {arXiv},
  eprint       = {2312.10997},
  timestamp    = {Tue, 16 Jan 2024 11:57:42 +0100},
  biburl       = {https://dblp.org/rec/journals/corr/abs-2312-10997.bib},
  bibsource    = {dblp computer science bibliography, https://dblp.org}
}

@inproceedings{DBLP:conf/emnlp/WangYW23,
  author       = {Liang Wang and
                  Nan Yang and
                  Furu Wei},
  title        = {Query2doc: Query Expansion with Large Language Models},
  booktitle    = {Proceedings of the Conference on Empirical Methods in Natural Language Processing (EMNLP)},
  pages        = {9414--9423},
  publisher    = {Association for Computational Linguistics},
  year         = {2023},
  url          = {https://aclanthology.org/2023.emnlp-main.585},
  timestamp    = {Fri, 23 Feb 2024 17:02:26 +0100},
  biburl       = {https://dblp.org/rec/conf/emnlp/WangYW23.bib},
  bibsource    = {dblp computer science bibliography, https://dblp.org}
}

@inproceedings{DBLP:conf/nips/LewisPPPKGKLYR020,
  author       = {Patrick S. H. Lewis and
                  Ethan Perez and
                  Aleksandra Piktus and
                  Fabio Petroni and
                  Vladimir Karpukhin and
                  Naman Goyal and
                  Heinrich K{\"{u}}ttler and
                  Mike Lewis and
                  Wen{-}tau Yih and
                  Tim Rockt{\"{a}}schel and
                  Sebastian Riedel and
                  Douwe Kiela},
  title        = {Retrieval-Augmented Generation for Knowledge-Intensive {NLP} Tasks},
  booktitle    = {Advances in Neural Information Processing Systems (NeurIPS)},
  year         = {2020},
  url          = {https://proceedings.neurips.cc/paper/2020/hash/6b493230205f780e1bc26945df7481e5-Abstract.html},
  timestamp    = {Tue, 19 Jan 2021 15:57:07 +0100},
  biburl       = {https://dblp.org/rec/conf/nips/LewisPPPKGKLYR020.bib},
  bibsource    = {dblp computer science bibliography, https://dblp.org}
}

@article{DBLP:journals/corr/abs-2310-11511,
  author       = {Akari Asai and
                  Zeqiu Wu and
                  Yizhong Wang and
                  Avirup Sil and
                  Hannaneh Hajishirzi},
  title        = {Self-RAG: Learning to Retrieve, Generate, and Critique through Self-Reflection},
  journal      = {CoRR},
  volume       = {abs/2310.11511},
  year         = {2023},
  url          = {https://doi.org/10.48550/arXiv.2310.11511},
  doi          = {10.48550/ARXIV.2310.11511},
  eprinttype    = {arXiv},
  eprint       = {2310.11511},
  timestamp    = {Fri, 27 Oct 2023 12:21:19 +0200},
  biburl       = {https://dblp.org/rec/journals/corr/abs-2310-11511.bib},
  bibsource    = {dblp computer science bibliography, https://dblp.org}
}

@inproceedings{DBLP:conf/slt/DengTHH12,
  author       = {Li Deng and
                  G{\"{o}}khan T{\"{u}}r and
                  Xiaodong He and
                  Dilek Hakkani{-}T{\"{u}}r},
  title        = {Use of kernel deep convex networks and end-to-end learning for spoken
                  language understanding},
  booktitle    = {Proceedings of Workshop for {IEEE} Spoken Language Technology (SLT)},
  pages        = {210--215},
  publisher    = {{IEEE}},
  year         = {2012},
  url          = {https://doi.org/10.1109/SLT.2012.6424224},
  doi          = {10.1109/SLT.2012.6424224},
  timestamp    = {Wed, 16 Oct 2019 14:14:53 +0200},
  biburl       = {https://dblp.org/rec/conf/slt/DengTHH12.bib},
  bibsource    = {dblp computer science bibliography, https://dblp.org}
}

@inproceedings{DBLP:conf/icassp/TurDHH12,
  author       = {G{\"{o}}khan T{\"{u}}r and
                  Li Deng and
                  Dilek Hakkani{-}T{\"{u}}r and
                  Xiaodong He},
  title        = {Towards deeper understanding: Deep convex networks for semantic utterance
                  classification},
  booktitle    = {Proceedings of IEEE International Conference on Acoustics, Speech and SP (ICASSP)},
  pages        = {5045--5048},
  publisher    = {{IEEE}},
  year         = {2012},
  url          = {https://doi.org/10.1109/ICASSP.2012.6289054},
  doi          = {10.1109/ICASSP.2012.6289054},
  timestamp    = {Wed, 16 Oct 2019 14:14:52 +0200},
  biburl       = {https://dblp.org/rec/conf/icassp/TurDHH12.bib},
  bibsource    = {dblp computer science bibliography, https://dblp.org}
}

@article{DBLP:journals/taslp/SarikayaHD14,
  author       = {Ruhi Sarikaya and
                  Geoffrey E. Hinton and
                  Anoop Deoras},
  title        = {Application of Deep Belief Networks for Natural Language Understanding},
  journal      = {{IEEE} {ACM} Trans. Audio Speech Lang. Process.},
  volume       = {22},
  number       = {4},
  pages        = {778--784},
  year         = {2014},
  url          = {https://doi.org/10.1109/TASLP.2014.2303296},
  doi          = {10.1109/TASLP.2014.2303296},
  timestamp    = {Fri, 13 Mar 2020 14:41:06 +0100},
  biburl       = {https://dblp.org/rec/journals/taslp/SarikayaHD14.bib},
  bibsource    = {dblp computer science bibliography, https://dblp.org}
}

@inproceedings{DBLP:conf/interspeech/RavuriS15,
  author       = {Suman V. Ravuri and
                  Andreas Stolcke},
  title        = {Recurrent neural network and {LSTM} models for lexical utterance classification},
  booktitle    = {Conference of the International Speech Communication Association (INTERSPEECH)},
  pages        = {135--139},
  publisher    = {{ISCA}},
  year         = {2015},
  url          = {https://doi.org/10.21437/Interspeech.2015-42},
  doi          = {10.21437/INTERSPEECH.2015-42},
  timestamp    = {Fri, 23 Jun 2023 23:05:30 +0200},
  biburl       = {https://dblp.org/rec/conf/interspeech/RavuriS15.bib},
  bibsource    = {dblp computer science bibliography, https://dblp.org}
}

@inproceedings{hashemi2016query,
  title={Query intent detection using convolutional neural networks},
  author={Hashemi, Homa B and Asiaee, Amir and Kraft, Reiner},
  booktitle={Proceedings of Workshop for ACM International Conference on Web Search and Data Mining (WSDM)},
  volume={23},
  year={2016}
}

@inproceedings{DBLP:conf/naacl/LeeD16,
  author       = {Ji Young Lee and
                  Franck Dernoncourt},
  title        = {Sequential Short-Text Classification with Recurrent and Convolutional
                  Neural Networks},
  booktitle    = {Proceedings of the Annual Conference of the North American Chapter of the Association for Computational Linguistics: Human LanguageTechnologies (NAACL-HLT)},
  pages        = {515--520},
  publisher    = {The Association for Computational Linguistics},
  year         = {2016},
  url          = {https://doi.org/10.18653/v1/n16-1062},
  doi          = {10.18653/V1/N16-1062},
  timestamp    = {Fri, 06 Aug 2021 00:41:32 +0200},
  biburl       = {https://dblp.org/rec/conf/naacl/LeeD16.bib},
  bibsource    = {dblp computer science bibliography, https://dblp.org}
}

@inproceedings{DBLP:conf/acl/MrksicSTGSVWY15,
  author       = {Nikola Mrksic and
                  Diarmuid {\'{O}} S{\'{e}}aghdha and
                  Blaise Thomson and
                  Milica Gasic and
                  Pei{-}hao Su and
                  David Vandyke and
                  Tsung{-}Hsien Wen and
                  Steve J. Young},
  title        = {Multi-domain Dialog State Tracking using Recurrent Neural Networks},
  booktitle    = {Proceedings of the Conference of the Association for Computational Linguistics (ACL)},
  pages        = {794--799},
  publisher    = {The Association for Computer Linguistics},
  year         = {2015},
  url          = {https://doi.org/10.3115/v1/p15-2130},
  doi          = {10.3115/V1/P15-2130},
  timestamp    = {Fri, 06 Aug 2021 00:41:06 +0200},
  biburl       = {https://dblp.org/rec/conf/acl/MrksicSTGSVWY15.bib},
  bibsource    = {dblp computer science bibliography, https://dblp.org}
}

@inproceedings{DBLP:conf/sigdial/HendersonTY13,
  author       = {Matthew Henderson and
                  Blaise Thomson and
                  Steve J. Young},
  title        = {Deep Neural Network Approach for the Dialog State Tracking Challenge},
  booktitle    = {Proceedings of the Meeting of the Special Interest Group on Discourse and Dialogue (SIGDIAL)},
  pages        = {467--471},
  publisher    = {The Association for Computer Linguistics},
  year         = {2013},
  url          = {https://aclanthology.org/W13-4073/},
  timestamp    = {Fri, 06 Aug 2021 00:41:33 +0200},
  biburl       = {https://dblp.org/rec/conf/sigdial/HendersonTY13.bib},
  bibsource    = {dblp computer science bibliography, https://dblp.org}
}

@inproceedings{DBLP:conf/acl/MrksicSWTY17,
  author       = {Nikola Mrksic and
                  Diarmuid {\'{O}} S{\'{e}}aghdha and
                  Tsung{-}Hsien Wen and
                  Blaise Thomson and
                  Steve J. Young},
  title        = {Neural Belief Tracker: Data-Driven Dialogue State Tracking},
  booktitle    = {Proceedings of the Conference of the Association for Computational Linguistics (ACL)},
  pages        = {1777--1788},
  publisher    = {Association for Computational Linguistics},
  year         = {2017},
  url          = {https://doi.org/10.18653/v1/P17-1163},
  doi          = {10.18653/V1/P17-1163},
  timestamp    = {Fri, 06 Aug 2021 00:40:58 +0200},
  biburl       = {https://dblp.org/rec/conf/acl/MrksicSWTY17.bib},
  bibsource    = {dblp computer science bibliography, https://dblp.org}
}

@inproceedings{DBLP:conf/acl/KanHLJRY18,
  author       = {Wenqiang Lei and
                  Xisen Jin and
                  Min{-}Yen Kan and
                  Zhaochun Ren and
                  Xiangnan He and
                  Dawei Yin},
  title        = {Sequicity: Simplifying Task-oriented Dialogue Systems with Single
                  Sequence-to-Sequence Architectures},
  booktitle    = {Proceedings of the Conference of the Association for Computational Linguistics (ACL)},
  pages        = {1437--1447},
  publisher    = {Association for Computational Linguistics},
  year         = {2018},
  url          = {https://aclanthology.org/P18-1133/},
  doi          = {10.18653/V1/P18-1133},
  timestamp    = {Fri, 06 Aug 2021 00:41:04 +0200},
  biburl       = {https://dblp.org/rec/conf/acl/KanHLJRY18.bib},
  bibsource    = {dblp computer science bibliography, https://dblp.org}
}

@inproceedings{DBLP:conf/emnlp/WangGZ20,
  author       = {Yexiang Wang and
                  Yi Guo and
                  Siqi Zhu},
  title        = {Slot Attention with Value Normalization for Multi-Domain Dialogue
                  State Tracking},
  booktitle    = {Proceedings of the Conference on Empirical Methods in Natural Language Processing (EMNLP)},
  pages        = {3019--3028},
  publisher    = {Association for Computational Linguistics},
  year         = {2020},
  url          = {https://doi.org/10.18653/v1/2020.emnlp-main.243},
  doi          = {10.18653/V1/2020.EMNLP-MAIN.243},
  timestamp    = {Wed, 23 Mar 2022 10:11:55 +0100},
  biburl       = {https://dblp.org/rec/conf/emnlp/WangGZ20.bib},
  bibsource    = {dblp computer science bibliography, https://dblp.org}
}

@inproceedings{DBLP:conf/acl/ZhangLGC19,
  author       = {Zhirui Zhang and
                  Xiujun Li and
                  Jianfeng Gao and
                  Enhong Chen},
  title        = {Budgeted Policy Learning for Task-Oriented Dialogue Systems},
  booktitle    = {Proceedings of the Conference of the Association for Computational Linguistics (ACL)},
  pages        = {3742--3751},
  publisher    = {Association for Computational Linguistics},
  year         = {2019},
  url          = {https://doi.org/10.18653/v1/p19-1364},
  doi          = {10.18653/V1/P19-1364},
  timestamp    = {Fri, 06 Aug 2021 00:41:01 +0200},
  biburl       = {https://dblp.org/rec/conf/acl/ZhangLGC19.bib},
  bibsource    = {dblp computer science bibliography, https://dblp.org}
}

@inproceedings{DBLP:conf/acl/TakanobuLH20,
  author       = {Ryuichi Takanobu and
                  Runze Liang and
                  Minlie Huang},
  title        = {Multi-Agent Task-Oriented Dialog Policy Learning with Role-Aware Reward
                  Decomposition},
  booktitle    = {Proceedings of the Conference of the Association for Computational Linguistics (ACL)},
  pages        = {625--638},
  publisher    = {Association for Computational Linguistics},
  year         = {2020},
  url          = {https://doi.org/10.18653/v1/2020.acl-main.59},
  doi          = {10.18653/V1/2020.ACL-MAIN.59},
  timestamp    = {Fri, 06 Aug 2021 00:40:57 +0200},
  biburl       = {https://dblp.org/rec/conf/acl/TakanobuLH20.bib},
  bibsource    = {dblp computer science bibliography, https://dblp.org}
}

@inproceedings{DBLP:conf/sigdial/WenGKMSVY15,
  author       = {Tsung{-}Hsien Wen and
                  Milica Gasic and
                  Dongho Kim and
                  Nikola Mrksic and
                  Pei{-}Hao Su and
                  David Vandyke and
                  Steve J. Young},
  title        = {Stochastic Language Generation in Dialogue using Recurrent Neural
                  Networks with Convolutional Sentence Reranking},
  booktitle    = {Proceedings of the Meeting of the Special Interest Group on Discourse and Dialogue (SIGDIAL)},
  pages        = {275--284},
  publisher    = {The Association for Computer Linguistics},
  year         = {2015},
  url          = {https://doi.org/10.18653/v1/w15-4639},
  doi          = {10.18653/V1/W15-4639},
  timestamp    = {Fri, 06 Aug 2021 00:41:33 +0200},
  biburl       = {https://dblp.org/rec/conf/sigdial/WenGKMSVY15.bib},
  bibsource    = {dblp computer science bibliography, https://dblp.org}
}

@inproceedings{DBLP:conf/naacl/WenGMRSVY16,
  author       = {Tsung{-}Hsien Wen and
                  Milica Gasic and
                  Nikola Mrksic and
                  Lina Maria Rojas{-}Barahona and
                  Pei{-}Hao Su and
                  David Vandyke and
                  Steve J. Young},
  title        = {Multi-domain Neural Network Language Generation for Spoken Dialogue
                  Systems},
  booktitle    = {Proceedings of the Annual Conference of the North American Chapter of the Association for Computational Linguistics: Human LanguageTechnologies (NAACL-HLT)},
  pages        = {120--129},
  publisher    = {The Association for Computational Linguistics},
  year         = {2016},
  url          = {https://doi.org/10.18653/v1/n16-1015},
  doi          = {10.18653/V1/N16-1015},
  timestamp    = {Fri, 06 Aug 2021 00:41:32 +0200},
  biburl       = {https://dblp.org/rec/conf/naacl/WenGMRSVY16.bib},
  bibsource    = {dblp computer science bibliography, https://dblp.org}
}


@inproceedings{DBLP:conf/acl/LiL20,
  author       = {Xiang Lisa Li and
                  Percy Liang},
  title        = {Prefix-Tuning: Optimizing Continuous Prompts for Generation},
  booktitle    = {Proceedings of the Conference of the Association for Computational Linguistics and International Joint Conference on Natural Language Processing (ACL/IJCNLP)},
  pages        = {4582--4597},
  publisher    = {Association for Computational Linguistics},
  year         = {2021},
  url          = {https://doi.org/10.18653/v1/2021.acl-long.353},
  doi          = {10.18653/V1/2021.ACL-LONG.353},
  timestamp    = {Wed, 16 Mar 2022 23:55:03 +0100},
  biburl       = {https://dblp.org/rec/conf/acl/LiL20.bib},
  bibsource    = {dblp computer science bibliography, https://dblp.org}
}

@inproceedings{DBLP:conf/acl/LiYQCLL20,
  author       = {Yangming Li and
                  Kaisheng Yao and
                  Libo Qin and
                  Wanxiang Che and
                  Xiaolong Li and
                  Ting Liu},
  title        = {Slot-consistent {NLG} for Task-oriented Dialogue Systems with Iterative
                  Rectification Network},
  booktitle    = {Proceedings of the Conference of the Association for Computational Linguistics (ACL)},
  pages        = {97--106},
  publisher    = {Association for Computational Linguistics},
  year         = {2020},
  url          = {https://doi.org/10.18653/v1/2020.acl-main.10},
  doi          = {10.18653/V1/2020.ACL-MAIN.10},
  timestamp    = {Mon, 07 Nov 2022 09:35:49 +0100},
  biburl       = {https://dblp.org/rec/conf/acl/LiYQCLL20.bib},
  bibsource    = {dblp computer science bibliography, https://dblp.org}
}

@article{DBLP:journals/corr/abs-2004-06871,
  author       = {Chien{-}Sheng Wu and
                  Steven C. H. Hoi and
                  Richard Socher and
                  Caiming Xiong},
  title        = {ToD-BERT: Pre-trained Natural Language Understanding for Task-Oriented
                  Dialogues},
  journal      = {CoRR},
  volume       = {abs/2004.06871},
  year         = {2020},
  url          = {https://arxiv.org/abs/2004.06871},
  eprinttype    = {arXiv},
  eprint       = {2004.06871},
  timestamp    = {Tue, 21 Apr 2020 16:51:52 +0200},
  biburl       = {https://dblp.org/rec/journals/corr/abs-2004-06871.bib},
  bibsource    = {dblp computer science bibliography, https://dblp.org}
}

@article{DBLP:journals/air/NiYPXC23,
  author       = {Jinjie Ni and
                  Tom Young and
                  Vlad Pandelea and
                  Fuzhao Xue and
                  Erik Cambria},
  title        = {Recent advances in deep learning based dialogue systems: a systematic
                  survey},
  journal      = {Artif. Intell. Rev.},
  volume       = {56},
  number       = {4},
  pages        = {3055--3155},
  year         = {2023},
  url          = {https://doi.org/10.1007/s10462-022-10248-8},
  doi          = {10.1007/S10462-022-10248-8},
  timestamp    = {Tue, 21 Mar 2023 21:07:29 +0100},
  biburl       = {https://dblp.org/rec/journals/air/NiYPXC23.bib},
  bibsource    = {dblp computer science bibliography, https://dblp.org}
}

@inproceedings{DBLP:conf/naacl/DevlinCLT19,
  author       = {Jacob Devlin and
                  Ming{-}Wei Chang and
                  Kenton Lee and
                  Kristina Toutanova},
  title        = {{BERT:} Pre-training of Deep Bidirectional Transformers for Language
                  Understanding},
  booktitle    = {Proceedings of the Annual Conference of the North American Chapter of the Association for Computational Linguistics: Human LanguageTechnologies (NAACL-HLT)},
  pages        = {4171--4186},
  publisher    = {Association for Computational Linguistics},
  year         = {2019},
  url          = {https://doi.org/10.18653/v1/n19-1423},
  doi          = {10.18653/V1/N19-1423},
  timestamp    = {Mon, 26 Sep 2022 12:21:55 +0200},
  biburl       = {https://dblp.org/rec/conf/naacl/DevlinCLT19.bib},
  bibsource    = {dblp computer science bibliography, https://dblp.org}
}

@article{DBLP:journals/jmlr/RaffelSRLNMZLL20,
  author       = {Colin Raffel and
                  Noam Shazeer and
                  Adam Roberts and
                  Katherine Lee and
                  Sharan Narang and
                  Michael Matena and
                  Yanqi Zhou and
                  Wei Li and
                  Peter J. Liu},
  title        = {Exploring the Limits of Transfer Learning with a Unified Text-to-Text
                  Transformer},
  journal      = {J. Mach. Learn. Res.},
  volume       = {21},
  pages        = {140:1--140:67},
  year         = {2020},
  url          = {http://jmlr.org/papers/v21/20-074.html},
  timestamp    = {Fri, 05 Feb 2021 15:43:41 +0100},
  biburl       = {https://dblp.org/rec/journals/jmlr/RaffelSRLNMZLL20.bib},
  bibsource    = {dblp computer science bibliography, https://dblp.org}
}

@inproceedings{DBLP:conf/acl/WangZLHZL19,
  author       = {Weikang Wang and
                  Jiajun Zhang and
                  Qian Li and
                  Mei{-}Yuh Hwang and
                  Chengqing Zong and
                  Zhifei Li},
  title        = {Incremental Learning from Scratch for Task-Oriented Dialogue Systems},
  booktitle    = {Proceedings of the Conference of the Association for Computational Linguistics (ACL)},
  pages        = {3710--3720},
  publisher    = {Association for Computational Linguistics},
  year         = {2019},
  url          = {https://doi.org/10.18653/v1/p19-1361},
  doi          = {10.18653/V1/P19-1361},
  timestamp    = {Wed, 08 Jun 2022 12:35:39 +0200},
  biburl       = {https://dblp.org/rec/conf/acl/WangZLHZL19.bib},
  bibsource    = {dblp computer science bibliography, https://dblp.org}
}

@inproceedings{DBLP:conf/acl/DaiLTLSZ20,
  author       = {Yinpei Dai and
                  Hangyu Li and
                  Chengguang Tang and
                  Yongbin Li and
                  Jian Sun and
                  Xiaodan Zhu},
  title        = {Learning Low-Resource End-To-End Goal-Oriented Dialog for Fast and
                  Reliable System Deployment},
  booktitle    = {Proceedings of the Conference of the Association for Computational Linguistics (ACL)},
  pages        = {609--618},
  publisher    = {Association for Computational Linguistics},
  year         = {2020},
  url          = {https://doi.org/10.18653/v1/2020.acl-main.57},
  doi          = {10.18653/V1/2020.ACL-MAIN.57},
  timestamp    = {Mon, 18 Dec 2023 11:22:01 +0100},
  biburl       = {https://dblp.org/rec/conf/acl/DaiLTLSZ20.bib},
  bibsource    = {dblp computer science bibliography, https://dblp.org}
}

@inproceedings{DBLP:conf/emnlp/HeYYLSX20,
  author       = {Wanwei He and
                  Min Yang and
                  Rui Yan and
                  Chengming Li and
                  Ying Shen and
                  Ruifeng Xu},
  title        = {Amalgamating Knowledge from Two Teachers for Task-oriented Dialogue
                  System with Adversarial Training},
  booktitle    = {Proceedings of the Conference on Empirical Methods in Natural Language Processing (EMNLP)},
  pages        = {3498--3507},
  publisher    = {Association for Computational Linguistics},
  year         = {2020},
  url          = {https://doi.org/10.18653/v1/2020.emnlp-main.281},
  doi          = {10.18653/V1/2020.EMNLP-MAIN.281},
  timestamp    = {Tue, 21 Mar 2023 20:56:03 +0100},
  biburl       = {https://dblp.org/rec/conf/emnlp/HeYYLSX20.bib},
  bibsource    = {dblp computer science bibliography, https://dblp.org}
}

@inproceedings{DBLP:conf/acl/BalakrishnanRUW19,
  author       = {Anusha Balakrishnan and
                  Jinfeng Rao and
                  Kartikeya Upasani and
                  Michael White and
                  Rajen Subba},
  title        = {Constrained Decoding for Neural {NLG} from Compositional Representations
                  in Task-Oriented Dialogue},
  booktitle    = {Proceedings of the Conference of the Association for Computational Linguistics (ACL)},
  pages        = {831--844},
  publisher    = {Association for Computational Linguistics},
  year         = {2019},
  url          = {https://doi.org/10.18653/v1/p19-1080},
  doi          = {10.18653/V1/P19-1080},
  timestamp    = {Fri, 06 Aug 2021 00:41:01 +0200},
  biburl       = {https://dblp.org/rec/conf/acl/BalakrishnanRUW19.bib},
  bibsource    = {dblp computer science bibliography, https://dblp.org}
}

@inproceedings{DBLP:conf/acl/ChenXX19,
  author       = {Xiuyi Chen and
                  Jiaming Xu and
                  Bo Xu},
  title        = {A Working Memory Model for Task-oriented Dialog Response Generation},
  booktitle    = {Proceedings of the Conference of the Association for Computational Linguistics (ACL)},
  pages        = {2687--2693},
  publisher    = {Association for Computational Linguistics},
  year         = {2019},
  url          = {https://doi.org/10.18653/v1/p19-1258},
  doi          = {10.18653/V1/P19-1258},
  timestamp    = {Sun, 06 Aug 2023 20:51:27 +0200},
  biburl       = {https://dblp.org/rec/conf/acl/ChenXX19.bib},
  bibsource    = {dblp computer science bibliography, https://dblp.org}
}

@inproceedings{DBLP:conf/acl/GaoZOY20,
  author       = {Silin Gao and
                  Yichi Zhang and
                  Zhijian Ou and
                  Zhou Yu},
  title        = {Paraphrase Augmented Task-Oriented Dialog Generation},
  booktitle    = {Proceedings of the Conference of the Association for Computational Linguistics (ACL)},
  pages        = {639--649},
  publisher    = {Association for Computational Linguistics},
  year         = {2020},
  url          = {https://doi.org/10.18653/v1/2020.acl-main.60},
  doi          = {10.18653/V1/2020.ACL-MAIN.60},
  timestamp    = {Fri, 15 Oct 2021 17:30:16 +0200},
  biburl       = {https://dblp.org/rec/conf/acl/GaoZOY20.bib},
  bibsource    = {dblp computer science bibliography, https://dblp.org}
}

@inproceedings{DBLP:conf/cikm/SordoniBVLSN15,
  author       = {Alessandro Sordoni and
                  Yoshua Bengio and
                  Hossein Vahabi and
                  Christina Lioma and
                  Jakob Grue Simonsen and
                  Jian{-}Yun Nie},
  title        = {A Hierarchical Recurrent Encoder-Decoder for Generative Context-Aware
                  Query Suggestion},
  booktitle    = {Proceedings of the ACM International Conference on Information and Knowledge Management (CIKM)},
  pages        = {553--562},
  publisher    = {{ACM}},
  year         = {2015},
  url          = {https://doi.org/10.1145/2806416.2806493},
  doi          = {10.1145/2806416.2806493},
  timestamp    = {Mon, 05 Feb 2024 20:30:00 +0100},
  biburl       = {https://dblp.org/rec/conf/cikm/SordoniBVLSN15.bib},
  bibsource    = {dblp computer science bibliography, https://dblp.org}
}

@inproceedings{DBLP:conf/aaai/SerbanSLCPCB17,
  author       = {Iulian Vlad Serban and
                  Alessandro Sordoni and
                  Ryan Lowe and
                  Laurent Charlin and
                  Joelle Pineau and
                  Aaron C. Courville and
                  Yoshua Bengio},
  title        = {A Hierarchical Latent Variable Encoder-Decoder Model for Generating
                  Dialogues},
  booktitle    = {Proceedings of the AAAI Conference on Artificial Intelligence (AAAI)},
  pages        = {3295--3301},
  publisher    = {{AAAI} Press},
  year         = {2017},
  url          = {https://doi.org/10.1609/aaai.v31i1.10983},
  doi          = {10.1609/AAAI.V31I1.10983},
  timestamp    = {Mon, 04 Sep 2023 16:50:27 +0200},
  biburl       = {https://dblp.org/rec/conf/aaai/SerbanSLCPCB17.bib},
  bibsource    = {dblp computer science bibliography, https://dblp.org}
}

@inproceedings{DBLP:journals/corr/WestonCB14,
  author       = {Jason Weston and
                  Sumit Chopra and
                  Antoine Bordes},
  title        = {Memory Networks},
  booktitle    = {International Conference on Learning Representations (ICLR)},
  year         = {2015},
  url          = {http://arxiv.org/abs/1410.3916},
  timestamp    = {Wed, 17 Jul 2019 10:40:54 +0200},
  biburl       = {https://dblp.org/rec/journals/corr/WestonCB14.bib},
  bibsource    = {dblp computer science bibliography, https://dblp.org}
}

@inproceedings{DBLP:conf/nips/SukhbaatarSWF15,
  author       = {Sainbayar Sukhbaatar and
                  Arthur Szlam and
                  Jason Weston and
                  Rob Fergus},
  title        = {End-To-End Memory Networks},
  booktitle    = {Advances in Neural Information Processing Systems (NeurIPS)},
  pages        = {2440--2448},
  year         = {2015},
  url          = {https://proceedings.neurips.cc/paper/2015/hash/8fb21ee7a2207526da55a679f0332de2-Abstract.html},
  timestamp    = {Mon, 16 May 2022 15:41:51 +0200},
  biburl       = {https://dblp.org/rec/conf/nips/SukhbaatarSWF15.bib},
  bibsource    = {dblp computer science bibliography, https://dblp.org}
}

@inproceedings{DBLP:conf/nips/VinyalsFJ15,
  author       = {Oriol Vinyals and
                  Meire Fortunato and
                  Navdeep Jaitly},
  title        = {Pointer Networks},
  booktitle    = {Advances in Neural Information Processing Systems (NeurIPS)},
  pages        = {2692--2700},
  year         = {2015},
  url          = {https://proceedings.neurips.cc/paper/2015/hash/29921001f2f04bd3baee84a12e98098f-Abstract.html},
  timestamp    = {Mon, 16 May 2022 15:41:51 +0200},
  biburl       = {https://dblp.org/rec/conf/nips/VinyalsFJ15.bib},
  bibsource    = {dblp computer science bibliography, https://dblp.org}
}

@inproceedings{DBLP:conf/acl/GuLLL16,
  author       = {Jiatao Gu and
                  Zhengdong Lu and
                  Hang Li and
                  Victor O. K. Li},
  title        = {Incorporating Copying Mechanism in Sequence-to-Sequence Learning},
  booktitle    = {Proceedings of the Conference of the Association for Computational Linguistics (ACL)},
  publisher    = {The Association for Computer Linguistics},
  year         = {2016},
  url          = {https://doi.org/10.18653/v1/p16-1154},
  doi          = {10.18653/V1/P16-1154},
  timestamp    = {Fri, 06 Aug 2021 00:40:58 +0200},
  biburl       = {https://dblp.org/rec/conf/acl/GuLLL16.bib},
  bibsource    = {dblp computer science bibliography, https://dblp.org}
}

@article{DBLP:journals/jasis/MaloSKWT14,
  author       = {Pekka Malo and
                  Ankur Sinha and
                  Pekka J. Korhonen and
                  Jyrki Wallenius and
                  Pyry Takala},
  title        = {Good debt or bad debt: Detecting semantic orientations in economic
                  texts},
  journal      = {J. Assoc. Inf. Sci. Technol.},
  volume       = {65},
  number       = {4},
  pages        = {782--796},
  year         = {2014},
  url          = {https://doi.org/10.1002/asi.23062},
  doi          = {10.1002/ASI.23062},
  timestamp    = {Mon, 02 Mar 2020 17:21:20 +0100},
  biburl       = {https://dblp.org/rec/journals/jasis/MaloSKWT14.bib},
  bibsource    = {dblp computer science bibliography, https://dblp.org}
}

@inproceedings{DBLP:conf/acl/ZhuLHWZLFC20,
  author       = {Fengbin Zhu and
                  Wenqiang Lei and
                  Youcheng Huang and
                  Chao Wang and
                  Shuo Zhang and
                  Jiancheng Lv and
                  Fuli Feng and
                  Tat{-}Seng Chua},
  title        = {{TAT-QA:} {A} Question Answering Benchmark on a Hybrid of Tabular
                  and Textual Content in Finance},
  booktitle    = {Proceedings of the Conference of the Association for Computational Linguistics (ACL)},
  pages        = {3277--3287},
  publisher    = {Association for Computational Linguistics},
  year         = {2021},
  url          = {https://doi.org/10.18653/v1/2021.acl-long.254},
  doi          = {10.18653/V1/2021.ACL-LONG.254},
  timestamp    = {Thu, 31 Aug 2023 11:16:32 +0200},
  biburl       = {https://dblp.org/rec/conf/acl/ZhuLHWZLFC20.bib},
  bibsource    = {dblp computer science bibliography, https://dblp.org}
}

@article{DBLP:journals/corr/abs-2310-00566,
  author       = {Duanyu Feng and
                  Yongfu Dai and
                  Jimin Huang and
                  Yifang Zhang and
                  Qianqian Xie and
                  Weiguang Han and
                  Alejandro Lopez{-}Lira and
                  Hao Wang},
  title        = {Empowering Many, Biasing a Few: Generalist Credit Scoring through
                  Large Language Models},
  journal      = {CoRR},
  volume       = {abs/2310.00566},
  year         = {2023},
  url          = {https://doi.org/10.48550/arXiv.2310.00566},
  doi          = {10.48550/ARXIV.2310.00566},
  eprinttype    = {arXiv},
  eprint       = {2310.00566},
  timestamp    = {Wed, 18 Oct 2023 16:20:58 +0200},
  biburl       = {https://dblp.org/rec/journals/corr/abs-2310-00566.bib},
  bibsource    = {dblp computer science bibliography, https://dblp.org}
}

@article{DBLP:journals/corr/abs-2009-04202,
  author       = {Ankur Sinha and
                  Tanmay Khandait},
  title        = {Impact of News on the Commodity Market: Dataset and Results},
  journal      = {CoRR},
  volume       = {abs/2009.04202},
  year         = {2020},
  url          = {https://arxiv.org/abs/2009.04202},
  eprinttype    = {arXiv},
  eprint       = {2009.04202},
  timestamp    = {Thu, 17 Sep 2020 12:49:52 +0200},
  biburl       = {https://dblp.org/rec/journals/corr/abs-2009-04202.bib},
  bibsource    = {dblp computer science bibliography, https://dblp.org}
}

@misc{akshare,
    author = {Albert King},
    title = {AKShare},
    year = {2019},
    publisher = {GitHub},
    journal = {GitHub repository},
    howpublished = {\url{https://github.com/akfamily/akshare}},
}

@misc{tushare,
    title = {TuShare},
    year = {2019},
    publisher = {GitHub},
    journal = {GitHub repository},
    howpublished = {\url{https://github.com/waditu/tushare}},
}

@inproceedings{DBLP:conf/eacl/ESJAS24,
  author       = {Shahul ES and
                  Jithin James and
                  Luis Espinosa Anke and
                  Steven Schockaert},
  title        = {RAGAs: Automated Evaluation of Retrieval Augmented Generation},
  booktitle    = {Proceedings of the Conference of the European Chapter of the Association for Computational Linguistics (EACL)},
  pages        = {150--158},
  publisher    = {Association for Computational Linguistics},
  year         = {2024},
  url          = {https://aclanthology.org/2024.eacl-demo.16},
  timestamp    = {Mon, 25 Mar 2024 20:43:55 +0100},
  biburl       = {https://dblp.org/rec/conf/eacl/ESJAS24.bib},
  bibsource    = {dblp computer science bibliography, https://dblp.org}
}

@inproceedings{DBLP:conf/chi/ReynoldsM21,
  author       = {Laria Reynolds and
                  Kyle McDonell},
  title        = {Prompt Programming for Large Language Models: Beyond the Few-Shot
                  Paradigm},
  booktitle    = {Proceedings of the ACM Conference on Human Factors in Computing Systems (CHI)},
  pages        = {314:1--314:7},
  publisher    = {{ACM}},
  year         = {2021},
  url          = {https://doi.org/10.1145/3411763.3451760},
  doi          = {10.1145/3411763.3451760},
  timestamp    = {Wed, 19 May 2021 12:29:49 +0200},
  biburl       = {https://dblp.org/rec/conf/chi/ReynoldsM21.bib},
  bibsource    = {dblp computer science bibliography, https://dblp.org}
}

@inproceedings{DBLP:conf/emnlp/ShinRLWS20,
  author       = {Taylor Shin and
                  Yasaman Razeghi and
                  Robert L. Logan IV and
                  Eric Wallace and
                  Sameer Singh},
  title        = {AutoPrompt: Eliciting Knowledge from Language Models with Automatically
                  Generated Prompts},
  booktitle    = {Proceedings of the Conference on Empirical Methods in Natural Language Processing (EMNLP)},
  pages        = {4222--4235},
  publisher    = {Association for Computational Linguistics},
  year         = {2020},
  url          = {https://doi.org/10.18653/v1/2020.emnlp-main.346},
  doi          = {10.18653/V1/2020.EMNLP-MAIN.346},
  timestamp    = {Sat, 21 Oct 2023 10:46:23 +0200},
  biburl       = {https://dblp.org/rec/conf/emnlp/ShinRLWS20.bib},
  bibsource    = {dblp computer science bibliography, https://dblp.org}
}

@article{DBLP:journals/corr/abs-2103-10385,
  author       = {Xiao Liu and
                  Yanan Zheng and
                  Zhengxiao Du and
                  Ming Ding and
                  Yujie Qian and
                  Zhilin Yang and
                  Jie Tang},
  title        = {{GPT} Understands, Too},
  journal      = {CoRR},
  volume       = {abs/2103.10385},
  year         = {2021},
  url          = {https://arxiv.org/abs/2103.10385},
  eprinttype    = {arXiv},
  eprint       = {2103.10385},
  timestamp    = {Mon, 04 Sep 2023 20:40:37 +0200},
  biburl       = {https://dblp.org/rec/journals/corr/abs-2103-10385.bib},
  bibsource    = {dblp computer science bibliography, https://dblp.org}
}

@article{wang2023fingptbenchmark,
  title={FinGPT: Instruction Tuning Benchmark for Open-Source Large Language Models in Financial Datasets},
  author={Wang, Neng and Yang, Hongyang and Wang, Christina Dan},
  journal={NeurIPS Workshop on Instruction Tuning and Instruction Following},
  year={2023}
}

@article{yang2023fingpt,
  title={FinGPT: Open-Source Financial Large Language Models},
  author={Yang, Hongyang and Liu, Xiao-Yang and Wang, Christina Dan},
  journal={FinLLM Symposium at IJCAI 2023},
  year={2023}
}

@article{DBLP:journals/corr/SchulmanWDRK17,
  author       = {John Schulman and
                  Filip Wolski and
                  Prafulla Dhariwal and
                  Alec Radford and
                  Oleg Klimov},
  title        = {Proximal Policy Optimization Algorithms},
  journal      = {CoRR},
  volume       = {abs/1707.06347},
  year         = {2017},
  url          = {http://arxiv.org/abs/1707.06347},
  eprinttype    = {arXiv},
  eprint       = {1707.06347},
  timestamp    = {Mon, 13 Aug 2018 16:47:34 +0200},
  biburl       = {https://dblp.org/rec/journals/corr/SchulmanWDRK17.bib},
  bibsource    = {dblp computer science bibliography, https://dblp.org}
}

@article{DBLP:journals/corr/abs-2305-11952,
  author       = {Xuanyu Zhang and
                  Qing Yang},
  title        = {Self-QA: Unsupervised Knowledge Guided Language Model Alignment},
  journal      = {CoRR},
  volume       = {abs/2305.11952},
  year         = {2023},
  url          = {https://doi.org/10.48550/arXiv.2305.11952},
  doi          = {10.48550/ARXIV.2305.11952},
  eprinttype    = {arXiv},
  eprint       = {2305.11952},
  timestamp    = {Thu, 19 Oct 2023 20:46:45 +0200},
  biburl       = {https://dblp.org/rec/journals/corr/abs-2305-11952.bib},
  bibsource    = {dblp computer science bibliography, https://dblp.org}
}

@inproceedings{DBLP:conf/acl/LinJHWC20,
  author       = {Xiexiong Lin and
                  Weiyu Jian and
                  Jianshan He and
                  Taifeng Wang and
                  Wei Chu},
  title        = {Generating Informative Conversational Response using Recurrent Knowledge-Interaction
                  and Knowledge-Copy},
  booktitle    = {Proceedings of the Conference of the Association for Computational Linguistics (ACL)},
  pages        = {41--52},
  publisher    = {Association for Computational Linguistics},
  year         = {2020},
  url          = {https://doi.org/10.18653/v1/2020.acl-main.6},
  doi          = {10.18653/V1/2020.ACL-MAIN.6},
  timestamp    = {Fri, 06 Aug 2021 00:41:00 +0200},
  biburl       = {https://dblp.org/rec/conf/acl/LinJHWC20.bib},
  bibsource    = {dblp computer science bibliography, https://dblp.org}
}

@inproceedings{DBLP:conf/acl/WuLZZW20,
  author       = {Sixing Wu and
                  Ying Li and
                  Dawei Zhang and
                  Yang Zhou and
                  Zhonghai Wu},
  title        = {Diverse and Informative Dialogue Generation with Context-Specific
                  Commonsense Knowledge Awareness},
  booktitle    = {Proceedings of the Conference of the Association for Computational Linguistics (ACL)},
  pages        = {5811--5820},
  publisher    = {Association for Computational Linguistics},
  year         = {2020},
  url          = {https://doi.org/10.18653/v1/2020.acl-main.515},
  doi          = {10.18653/V1/2020.ACL-MAIN.515},
  timestamp    = {Thu, 20 Oct 2022 07:17:03 +0200},
  biburl       = {https://dblp.org/rec/conf/acl/WuLZZW20.bib},
  bibsource    = {dblp computer science bibliography, https://dblp.org}
}

@inproceedings{DBLP:conf/emnlp/MajumderJBM20,
  author       = {Bodhisattwa Prasad Majumder and
                  Harsh Jhamtani and
                  Taylor Berg{-}Kirkpatrick and
                  Julian J. McAuley},
  title        = {Like hiking? You probably enjoy nature: Persona-grounded Dialog with
                  Commonsense Expansions},
  booktitle    = {Proceedings of the Conference on Empirical Methods in Natural Language Processing (EMNLP)},
  pages        = {9194--9206},
  publisher    = {Association for Computational Linguistics},
  year         = {2020},
  url          = {https://doi.org/10.18653/v1/2020.emnlp-main.739},
  doi          = {10.18653/V1/2020.EMNLP-MAIN.739},
  timestamp    = {Wed, 23 Mar 2022 10:11:55 +0100},
  biburl       = {https://dblp.org/rec/conf/emnlp/MajumderJBM20.bib},
  bibsource    = {dblp computer science bibliography, https://dblp.org}
}

@inproceedings{DBLP:conf/acl/MoonSKS19,
  author       = {Seungwhan Moon and
                  Pararth Shah and
                  Anuj Kumar and
                  Rajen Subba},
  title        = {OpenDialKG: Explainable Conversational Reasoning with Attention-based
                  Walks over Knowledge Graphs},
  booktitle    = {Proceedings of the Conference of the Association for Computational Linguistics (ACL)},
  pages        = {845--854},
  publisher    = {Association for Computational Linguistics},
  year         = {2019},
  url          = {https://doi.org/10.18653/v1/p19-1081},
  doi          = {10.18653/V1/P19-1081},
  timestamp    = {Fri, 06 Aug 2021 00:41:01 +0200},
  biburl       = {https://dblp.org/rec/conf/acl/MoonSKS19.bib},
  bibsource    = {dblp computer science bibliography, https://dblp.org}
}

@inproceedings{DBLP:conf/emnlp/YangZE20,
  author       = {Shiquan Yang and
                  Rui Zhang and
                  Sarah M. Erfani},
  title        = {GraphDialog: Integrating Graph Knowledge into End-to-End Task-Oriented
                  Dialogue Systems},
  booktitle    = {Proceedings of the Conference on Empirical Methods in Natural Language Processing (EMNLP)},
  pages        = {1878--1888},
  publisher    = {Association for Computational Linguistics},
  year         = {2020},
  url          = {https://doi.org/10.18653/v1/2020.emnlp-main.147},
  doi          = {10.18653/V1/2020.EMNLP-MAIN.147},
  timestamp    = {Wed, 23 Mar 2022 10:11:55 +0100},
  biburl       = {https://dblp.org/rec/conf/emnlp/YangZE20.bib},
  bibsource    = {dblp computer science bibliography, https://dblp.org}
}

@inproceedings{DBLP:conf/emnlp/JungSL20,
  author       = {Jaehun Jung and
                  Bokyung Son and
                  Sungwon Lyu},
  title        = {AttnIO: Knowledge Graph Exploration with In-and-Out Attention Flow
                  for Knowledge-Grounded Dialogue},
  booktitle    = {Proceedings of the Conference on Empirical Methods in Natural Language Processing (EMNLP)},
  pages        = {3484--3497},
  publisher    = {Association for Computational Linguistics},
  year         = {2020},
  url          = {https://doi.org/10.18653/v1/2020.emnlp-main.280},
  doi          = {10.18653/V1/2020.EMNLP-MAIN.280},
  timestamp    = {Wed, 23 Mar 2022 10:11:55 +0100},
  biburl       = {https://dblp.org/rec/conf/emnlp/JungSL20.bib},
  bibsource    = {dblp computer science bibliography, https://dblp.org}
}

@inproceedings{DBLP:conf/acl/XuWNWCL20,
  author       = {Jun Xu and
                  Haifeng Wang and
                  Zheng{-}Yu Niu and
                  Hua Wu and
                  Wanxiang Che and
                  Ting Liu},
  title        = {Conversational Graph Grounded Policy Learning for Open-Domain Conversation
                  Generation},
  booktitle    = {Proceedings of the Conference of the Association for Computational Linguistics (ACL)},
  pages        = {1835--1845},
  publisher    = {Association for Computational Linguistics},
  year         = {2020},
  url          = {https://doi.org/10.18653/v1/2020.acl-main.166},
  doi          = {10.18653/V1/2020.ACL-MAIN.166},
  timestamp    = {Fri, 06 Aug 2021 00:41:08 +0200},
  biburl       = {https://dblp.org/rec/conf/acl/XuWNWCL20.bib},
  bibsource    = {dblp computer science bibliography, https://dblp.org}
}

@article{RJXB20240320003,
author = {宋凌云 and 马卓源 and 李战怀 and 尚学群},
title = {面向金融风险预测的时序图神经网络综述},
journal = {软件学报},
volume = {},
number = {},
pages = {1-27},
year = {},
issn = {1000-9825},
doi ={10.13328/j.cnki.jos.007087}
}

@article{RJXB201903021,
author = {梁天新 and 杨小平 and 王良 and 韩镇远},
title = {基于强化学习的金融交易系统研究与发展},
journal = {软件学报},
volume = {30},
number = {03},
pages = {845-864},
year = {2019},
issn = {1000-9825},
doi ={10.13328/j.cnki.jos.005689}
}

@article{JSJX202010004,
author = {赵阳洋 and 王振宇 and 王佩 and 杨添 and 张睿 and 尹凯},
title = {任务型对话系统研究综述},
journal = {计算机学报},
volume = {43},
number = {10},
pages = {1862-1896},
year = {2020},
issn = {0254-4164},
doi ={}
}

@article{JSJX200408010,
author = {黄民烈 and 朱小燕},
title = {对话管理中基于槽特征有限状态自动机的方法研究},
journal = {计算机学报},
volume = {27},
number = {08},
pages = {1092-1101},
year = {2004},
issn = {0254-4164},
doi ={}
}

@article{RJXB202402009,
author = {徐凡 and 徐健明 and 马勇 and 王明文 and 周国栋},
title = {基于知识增强的开放域多轮对话模型},
journal = {软件学报},
volume = {35},
number = {02},
pages = {758-772},
year = {2024},
issn = {1000-9825},
doi ={10.13328/j.cnki.jos.006823}
}

@article{JSJX202312001,
author = {杨州 and 陈志豪 and 蔡铁城 and 王宇峰 and 廖祥文},
title = {基于深度学习的情感对话响应综述},
journal = {计算机学报},
volume = {46},
number = {12},
pages = {2489-2519},
year = {2023},
issn = {0254-4164},
doi ={}
}

@article{JSJX201907001,
author = {陈晨 and 朱晴晴 and 严睿 and 柳军飞},
title = {基于深度学习的开放领域对话系统研究综述},
journal = {计算机学报},
volume = {42},
number = {07},
pages = {1439-1466},
year = {2019},
issn = {0254-4164},
doi ={}
}

@article{JSJX20240117001,
author = {徐恺 and 王振宇 and 王旭 and 秦华 and 龙宇轩},
title = {基于强化学习的任务型对话策略研究综述},
journal = {计算机学报},
volume = {},
number = {},
pages = {1-33},
year = {},
issn = {0254-4164},
doi ={}
}

@article{SJSJ202312037,
author = {吕学强 and 张剑 and 穆天杨 and 李宝安 and 游新冬},
title = {嵌入知识语义的医疗领域对话系统},
journal = {计算机工程与设计},
volume = {44},
number = {12},
pages = {3794-3799},
year = {2023},
issn = {1000-7024},
doi ={10.16208/j.issn1000-7024.2023.12.037}
}

@inproceedings{DBLP:conf/nips/SutskeverVL14,
  author       = {Ilya Sutskever and
                  Oriol Vinyals and
                  Quoc V. Le},
  title        = {Sequence to Sequence Learning with Neural Networks},
  booktitle    = {Advances in Neural Information Processing Systems (NeurIPS)},
  pages        = {3104--3112},
  year         = {2014},
  url          = {https://proceedings.neurips.cc/paper/2014/hash/a14ac55a4f27472c5d894ec1c3c743d2-Abstract.html},
  timestamp    = {Mon, 16 May 2022 15:41:51 +0200},
  biburl       = {https://dblp.org/rec/conf/nips/SutskeverVL14.bib},
  bibsource    = {dblp computer science bibliography, https://dblp.org}
}

@article{DBLP:journals/neco/HochreiterS97,
  author       = {Sepp Hochreiter and
                  J{\"{u}}rgen Schmidhuber},
  title        = {Long Short-Term Memory},
  journal      = {Neural Comput.},
  volume       = {9},
  number       = {8},
  pages        = {1735--1780},
  year         = {1997},
  url          = {https://doi.org/10.1162/neco.1997.9.8.1735},
  doi          = {10.1162/NECO.1997.9.8.1735},
  timestamp    = {Tue, 01 Sep 2020 13:12:40 +0200},
  biburl       = {https://dblp.org/rec/journals/neco/HochreiterS97.bib},
  bibsource    = {dblp computer science bibliography, https://dblp.org}
}

@article{rumelhart1986learning,
  title={Learning representations by back-propagating errors},
  author={Rumelhart, David E and Hinton, Geoffrey E and Williams, Ronald J},
  journal={nature},
  volume={323},
  number={6088},
  pages={533--536},
  year={1986},
  publisher={Nature Publishing Group UK London}
}

@inproceedings{DBLP:conf/emnlp/ChoMGBBSB14,
  author       = {Kyunghyun Cho and
                  Bart van Merrienboer and
                  {\c{C}}aglar G{\"{u}}l{\c{c}}ehre and
                  Dzmitry Bahdanau and
                  Fethi Bougares and
                  Holger Schwenk and
                  Yoshua Bengio},
  title        = {Learning Phrase Representations using {RNN} Encoder-Decoder for Statistical
                  Machine Translation},
  booktitle    = {Proceedings of the Conference on Empirical Methods in Natural Language Processing (EMNLP)},
  pages        = {1724--1734},
  publisher    = {{ACL}},
  year         = {2014},
  url          = {https://doi.org/10.3115/v1/d14-1179},
  doi          = {10.3115/V1/D14-1179},
  timestamp    = {Fri, 06 Aug 2021 00:40:23 +0200},
  biburl       = {https://dblp.org/rec/conf/emnlp/ChoMGBBSB14.bib},
  bibsource    = {dblp computer science bibliography, https://dblp.org}
}

@article{cox1958regression,
  title={The regression analysis of binary sequences},
  author={Cox, David R},
  journal={Journal of the Royal Statistical Society Series B: Statistical Methodology},
  volume={20},
  number={2},
  pages={215--232},
  year={1958},
  publisher={Oxford University Press}
}

@inproceedings{DBLP:conf/kdd/ChenG16,
  author       = {Tianqi Chen and
                  Carlos Guestrin},
  title        = {XGBoost: {A} Scalable Tree Boosting System},
  booktitle    = {Proceedings of the ACM Knowledge Discovery and Data Mining (SIGKDD)},
  pages        = {785--794},
  publisher    = {{ACM}},
  year         = {2016},
  url          = {https://doi.org/10.1145/2939672.2939785},
  doi          = {10.1145/2939672.2939785},
  timestamp    = {Sat, 17 Dec 2022 01:15:30 +0100},
  biburl       = {https://dblp.org/rec/conf/kdd/ChenG16.bib},
  bibsource    = {dblp computer science bibliography, https://dblp.org}
}

@book{DBLP:books/mk/Quinlan93,
  author       = {J. Ross Quinlan},
  title        = {{C4.5:} Programs for Machine Learning},
  publisher    = {Morgan Kaufmann},
  year         = {1993},
  isbn         = {1-55860-238-0},
  timestamp    = {Thu, 03 Jan 2002 11:51:34 +0100},
  biburl       = {https://dblp.org/rec/books/mk/Quinlan93.bib},
  bibsource    = {dblp computer science bibliography, https://dblp.org}
}

@article{DBLP:journals/pami/Ho98,
  author       = {Tin Kam Ho},
  title        = {The Random Subspace Method for Constructing Decision Forests},
  journal      = {{IEEE} Trans. Pattern Anal. Mach. Intell.},
  volume       = {20},
  number       = {8},
  pages        = {832--844},
  year         = {1998},
  url          = {https://doi.org/10.1109/34.709601},
  doi          = {10.1109/34.709601},
  timestamp    = {Wed, 14 Nov 2018 10:51:10 +0100},
  biburl       = {https://dblp.org/rec/journals/pami/Ho98.bib},
  bibsource    = {dblp computer science bibliography, https://dblp.org}
}

@misc{zheng2023judging,
      title={Judging LLM-as-a-judge with MT-Bench and Chatbot Arena},
      author={Lianmin Zheng and Wei-Lin Chiang and Ying Sheng and Siyuan Zhuang and Zhanghao Wu and Yonghao Zhuang and Zi Lin and Zhuohan Li and Dacheng Li and Eric. P Xing and Hao Zhang and Joseph E. Gonzalez and Ion Stoica},
      year={2023},
      eprint={2306.05685},
      archivePrefix={arXiv},
      primaryClass={cs.CL}
}

@article{radford2018improving,
  title={Improving language understanding by generative pre-training},
  author={Radford, Alec and Narasimhan, Karthik and Salimans, Tim and Sutskever, Ilya and others},
  year={2018},
  publisher={OpenAI}
}

@inproceedings{DBLP:conf/cvpr/ZhouKLOT16,
  author       = {Bolei Zhou and
                  Aditya Khosla and
                  {\`{A}}gata Lapedriza and
                  Aude Oliva and
                  Antonio Torralba},
  title        = {Learning Deep Features for Discriminative Localization},
  booktitle    = {Proceedings of the IEEE Conference on Computer Vision and Pattern Recognition (CVPR)},
  pages        = {2921--2929},
  publisher    = {{IEEE} Computer Society},
  year         = {2016},
  url          = {https://doi.org/10.1109/CVPR.2016.319},
  doi          = {10.1109/CVPR.2016.319},
  timestamp    = {Fri, 24 Mar 2023 00:02:57 +0100},
  biburl       = {https://dblp.org/rec/conf/cvpr/ZhouKLOT16.bib},
  bibsource    = {dblp computer science bibliography, https://dblp.org}
}

@article{DBLP:journals/corr/abs-2012-06567,
  author       = {Yi Zhu and
                  Xinyu Li and
                  Chunhui Liu and
                  Mohammadreza Zolfaghari and
                  Yuanjun Xiong and
                  Chongruo Wu and
                  Zhi Zhang and
                  Joseph Tighe and
                  R. Manmatha and
                  Mu Li},
  title        = {A Comprehensive Study of Deep Video Action Recognition},
  journal      = {CoRR},
  volume       = {abs/2012.06567},
  year         = {2020},
  url          = {https://arxiv.org/abs/2012.06567},
  eprinttype    = {arXiv},
  eprint       = {2012.06567},
  timestamp    = {Sat, 20 May 2023 16:59:53 +0200},
  biburl       = {https://dblp.org/rec/journals/corr/abs-2012-06567.bib},
  bibsource    = {dblp computer science bibliography, https://dblp.org}
}

@inproceedings{DBLP:conf/icml/HoulsbyGJMLGAG19,
  author       = {Neil Houlsby and
                  Andrei Giurgiu and
                  Stanislaw Jastrzebski and
                  Bruna Morrone and
                  Quentin de Laroussilhe and
                  Andrea Gesmundo and
                  Mona Attariyan and
                  Sylvain Gelly},
  title        = {Parameter-Efficient Transfer Learning for {NLP}},
  booktitle    = {Proceedings of the International Conference on Machine Learning (ICML)},
  series       = {Proceedings of Machine Learning Research},
  volume       = {97},
  pages        = {2790--2799},
  publisher    = {{PMLR}},
  year         = {2019},
  url          = {http://proceedings.mlr.press/v97/houlsby19a.html},
  timestamp    = {Tue, 11 Jun 2019 15:37:38 +0200},
  biburl       = {https://dblp.org/rec/conf/icml/HoulsbyGJMLGAG19.bib},
  bibsource    = {dblp computer science bibliography, https://dblp.org}
}

@inproceedings{DBLP:conf/nips/MahabadiHR21,
  author       = {Rabeeh Karimi Mahabadi and
                  James Henderson and
                  Sebastian Ruder},
  title        = {Compacter: Efficient Low-Rank Hypercomplex Adapter Layers},
  booktitle    = {Advances in Neural Information Processing Systems (NeurIPS)},
  pages        = {1022--1035},
  year         = {2021},
  url          = {https://proceedings.neurips.cc/paper/2021/hash/081be9fdff07f3bc808f935906ef70c0-Abstract.html},
  timestamp    = {Tue, 03 May 2022 16:20:46 +0200},
  biburl       = {https://dblp.org/rec/conf/nips/MahabadiHR21.bib},
  bibsource    = {dblp computer science bibliography, https://dblp.org}
}

@inproceedings{DBLP:conf/eacl/PfeifferKRCG21,
  author       = {Jonas Pfeiffer and
                  Aishwarya Kamath and
                  Andreas R{\"{u}}ckl{\'{e}} and
                  Kyunghyun Cho and
                  Iryna Gurevych},
  title        = {AdapterFusion: Non-Destructive Task Composition for Transfer Learning},
  booktitle    = {Proceedings of Conference of the European Chapter of the Association for Computational Linguistics (EACL)},
  pages        = {487--503},
  publisher    = {Association for Computational Linguistics},
  year         = {2021},
  url          = {https://doi.org/10.18653/v1/2021.eacl-main.39},
  doi          = {10.18653/V1/2021.EACL-MAIN.39},
  timestamp    = {Thu, 20 Jan 2022 10:02:52 +0100},
  biburl       = {https://dblp.org/rec/conf/eacl/PfeifferKRCG21.bib},
  bibsource    = {dblp computer science bibliography, https://dblp.org}
}

@inproceedings{DBLP:conf/acl/GuHLH22,
  author       = {Yuxian Gu and
                  Xu Han and
                  Zhiyuan Liu and
                  Minlie Huang},
  title        = {{PPT:} Pre-trained Prompt Tuning for Few-shot Learning},
  booktitle    = {Proceedings of the Conference of the Association for Computational Linguistics (ACL)},
  pages        = {8410--8423},
  publisher    = {Association for Computational Linguistics},
  year         = {2022},
  url          = {https://doi.org/10.18653/v1/2022.acl-long.576},
  doi          = {10.18653/V1/2022.ACL-LONG.576},
  timestamp    = {Mon, 06 Feb 2023 21:45:20 +0100},
  biburl       = {https://dblp.org/rec/conf/acl/GuHLH22.bib},
  bibsource    = {dblp computer science bibliography, https://dblp.org}
}

@article{DBLP:journals/corr/abs-1911-03090,
  author       = {Jaejun Lee and
                  Raphael Tang and
                  Jimmy Lin},
  title        = {What Would Elsa Do? Freezing Layers During Transformer Fine-Tuning},
  journal      = {CoRR},
  volume       = {abs/1911.03090},
  year         = {2019},
  url          = {http://arxiv.org/abs/1911.03090},
  eprinttype    = {arXiv},
  eprint       = {1911.03090},
  timestamp    = {Mon, 11 Nov 2019 18:38:09 +0100},
  biburl       = {https://dblp.org/rec/journals/corr/abs-1911-03090.bib},
  bibsource    = {dblp computer science bibliography, https://dblp.org}
}

@inproceedings{DBLP:conf/acl/ZakenGR22,
  author       = {Elad Ben Zaken and
                  Yoav Goldberg and
                  Shauli Ravfogel},
  title        = {BitFit: Simple Parameter-efficient Fine-tuning for Transformer-based
                  Masked Language-models},
  booktitle    = {Proceedings of the Conference of the Association for Computational Linguistics (ACL)},
  pages        = {1--9},
  publisher    = {Association for Computational Linguistics},
  year         = {2022},
  url          = {https://doi.org/10.18653/v1/2022.acl-short.1},
  doi          = {10.18653/V1/2022.ACL-SHORT.1},
  timestamp    = {Mon, 01 Aug 2022 16:27:50 +0200},
  biburl       = {https://dblp.org/rec/conf/acl/ZakenGR22.bib},
  bibsource    = {dblp computer science bibliography, https://dblp.org}
}

@inproceedings{DBLP:conf/acl/AghajanyanGZ20,
  author       = {Armen Aghajanyan and
                  Sonal Gupta and
                  Luke Zettlemoyer},
  title        = {Intrinsic Dimensionality Explains the Effectiveness of Language Model
                  Fine-Tuning},
  booktitle    = {Proceedings of the Conference of the Association for Computational Linguistics (ACL)},
  pages        = {7319--7328},
  publisher    = {Association for Computational Linguistics},
  year         = {2021},
  url          = {https://doi.org/10.18653/v1/2021.acl-long.568},
  doi          = {10.18653/V1/2021.ACL-LONG.568},
  timestamp    = {Mon, 09 Aug 2021 16:25:37 +0200},
  biburl       = {https://dblp.org/rec/conf/acl/AghajanyanGZ20.bib},
  bibsource    = {dblp computer science bibliography, https://dblp.org}
}

@inproceedings{DBLP:conf/iclr/LiFLY18,
  author       = {Chunyuan Li and
                  Heerad Farkhoor and
                  Rosanne Liu and
                  Jason Yosinski},
  title        = {Measuring the Intrinsic Dimension of Objective Landscapes},
  booktitle    = {International Conference on Learning Representations (ICLR)},
  publisher    = {OpenReview.net},
  year         = {2018},
  url          = {https://openreview.net/forum?id=ryup8-WCW},
  timestamp    = {Thu, 25 Jul 2019 14:25:52 +0200},
  biburl       = {https://dblp.org/rec/conf/iclr/LiFLY18.bib},
  bibsource    = {dblp computer science bibliography, https://dblp.org}
}

@article{DBLP:journals/corr/abs-2110-07867,
  author       = {Yujia Qin and
                  Xiaozhi Wang and
                  YuSheng Su and
                  Yankai Lin and
                  Ning Ding and
                  Zhiyuan Liu and
                  Juanzi Li and
                  Lei Hou and
                  Peng Li and
                  Maosong Sun and
                  Jie Zhou},
  title        = {Exploring Low-dimensional Intrinsic Task Subspace via Prompt Tuning},
  journal      = {CoRR},
  volume       = {abs/2110.07867},
  year         = {2021},
  url          = {https://arxiv.org/abs/2110.07867},
  eprinttype    = {arXiv},
  eprint       = {2110.07867},
  timestamp    = {Fri, 01 Sep 2023 13:50:20 +0200},
  biburl       = {https://dblp.org/rec/journals/corr/abs-2110-07867.bib},
  bibsource    = {dblp computer science bibliography, https://dblp.org}
}

@inproceedings{DBLP:conf/emnlp/ZhaoLMJS20,
  author       = {Mengjie Zhao and
                  Tao Lin and
                  Fei Mi and
                  Martin Jaggi and
                  Hinrich Sch{\"{u}}tze},
  title        = {Masking as an Efficient Alternative to Finetuning for Pretrained Language
                  Models},
  booktitle    = {Proceedings of the Conference on Empirical Methods in Natural Language Processing (EMNLP)},
  pages        = {2226--2241},
  publisher    = {Association for Computational Linguistics},
  year         = {2020},
  url          = {https://doi.org/10.18653/v1/2020.emnlp-main.174},
  doi          = {10.18653/V1/2020.EMNLP-MAIN.174},
  timestamp    = {Wed, 23 Mar 2022 10:11:55 +0100},
  biburl       = {https://dblp.org/rec/conf/emnlp/ZhaoLMJS20.bib},
  bibsource    = {dblp computer science bibliography, https://dblp.org}
}

@article{zhong2019jec,
  title={JEC-QA: A Legal-Domain Question Answering Dataset},
  author={Zhong, Haoxi and Xiao, Chaojun and Tu, Cunchao and Zhang, Tianyang and Liu, Zhiyuan and Sun, Maosong},
  journal={arXiv preprint arXiv:1911.12011},
  year={2019}
}

@article{DBLP:journals/corr/abs-2203-06904,
  author       = {Ning Ding and
                  Yujia Qin and
                  Guang Yang and
                  Fuchao Wei and
                  Zonghan Yang and
                  Yusheng Su and
                  Shengding Hu and
                  Yulin Chen and
                  Chi{-}Min Chan and
                  Weize Chen and
                  Jing Yi and
                  Weilin Zhao and
                  Xiaozhi Wang and
                  Zhiyuan Liu and
                  Hai{-}Tao Zheng and
                  Jianfei Chen and
                  Yang Liu and
                  Jie Tang and
                  Juanzi Li and
                  Maosong Sun},
  title        = {Delta Tuning: {A} Comprehensive Study of Parameter Efficient Methods
                  for Pre-trained Language Models},
  journal      = {CoRR},
  volume       = {abs/2203.06904},
  year         = {2022},
  url          = {https://doi.org/10.48550/arXiv.2203.06904},
  doi          = {10.48550/ARXIV.2203.06904},
  eprinttype    = {arXiv},
  eprint       = {2203.06904},
  timestamp    = {Sat, 30 Sep 2023 10:08:42 +0200},
  biburl       = {https://dblp.org/rec/journals/corr/abs-2203-06904.bib},
  bibsource    = {dblp computer science bibliography, https://dblp.org}
}

@inproceedings{DBLP:conf/emnlp/TanSQQQXQ23,
  author       = {Xiaoyu Tan and
                  Shaojie Shi and
                  Xihe Qiu and
                  Chao Qu and
                  Zhenting Qi and
                  Yinghui Xu and
                  Yuan Qi},
  title        = {Self-Criticism: Aligning Large Language Models with their Understanding
                  of Helpfulness, Honesty, and Harmlessness},
  booktitle    = {Proceedings of the Conference on Empirical Methods in Natural Language Processing (EMNLP)},
  pages        = {650--662},
  publisher    = {Association for Computational Linguistics},
  year         = {2023},
  url          = {https://doi.org/10.18653/v1/2023.emnlp-industry.62},
  doi          = {10.18653/V1/2023.EMNLP-INDUSTRY.62},
  timestamp    = {Fri, 12 Apr 2024 13:11:32 +0200},
  biburl       = {https://dblp.org/rec/conf/emnlp/TanSQQQXQ23.bib},
  bibsource    = {dblp computer science bibliography, https://dblp.org}
}



@inproceedings{DBLP:conf/cvpr/0004GGH18,
  author       = {Xiaolong Wang and
                  Ross B. Girshick and
                  Abhinav Gupta and
                  Kaiming He},
  title        = {Non-Local Neural Networks},
  booktitle    = {Proceedings of the IEEE Conference on Computer Vision and Pattern Recognition (CVPR)},
  pages        = {7794--7803},
  publisher    = {Computer Vision Foundation / {IEEE} Computer Society},
  year         = {2018},
  url          = {http://openaccess.thecvf.com/content\_cvpr\_2018/html/Wang\_Non-Local\_Neural\_Networks\_CVPR\_2018\_paper.html},
  doi          = {10.1109/CVPR.2018.00813},
  timestamp    = {Fri, 24 Mar 2023 00:02:51 +0100},
  biburl       = {https://dblp.org/rec/conf/cvpr/0004GGH18.bib},
  bibsource    = {dblp computer science bibliography, https://dblp.org}
}

@inproceedings{DBLP:conf/cvpr/LiuN0W00022,
  author       = {Ze Liu and
                  Jia Ning and
                  Yue Cao and
                  Yixuan Wei and
                  Zheng Zhang and
                  Stephen Lin and
                  Han Hu},
  title        = {Video Swin Transformer},
  booktitle    = {Proceedings of the IEEE Conference on Computer Vision and Pattern Recognition (CVPR)},
  pages        = {3192--3201},
  publisher    = {{IEEE}},
  year         = {2022},
  url          = {https://doi.org/10.1109/CVPR52688.2022.00320},
  doi          = {10.1109/CVPR52688.2022.00320},
  timestamp    = {Mon, 05 Jun 2023 16:18:23 +0200},
  biburl       = {https://dblp.org/rec/conf/cvpr/LiuN0W00022.bib},
  bibsource    = {dblp computer science bibliography, https://dblp.org}
}

@inproceedings{DBLP:conf/nips/YuanFHLZCW21,
  author       = {Yuhui Yuan and
                  Rao Fu and
                  Lang Huang and
                  Weihong Lin and
                  Chao Zhang and
                  Xilin Chen and
                  Jingdong Wang},
  title        = {HRFormer: High-Resolution Vision Transformer for Dense Predict},
  booktitle    = {Advances in Neural Information Processing Systems (NeurIPS)},
  pages        = {7281--7293},
  year         = {2021},
  url          = {https://proceedings.neurips.cc/paper/2021/hash/3bbfdde8842a5c44a0323518eec97cbe-Abstract.html},
  timestamp    = {Wed, 02 Nov 2022 15:42:53 +0100},
  biburl       = {https://dblp.org/rec/conf/nips/YuanFHLZCW21.bib},
  bibsource    = {dblp computer science bibliography, https://dblp.org}
}

@ARTICLE{10136698,
  author={Liu, Xuehu and Yu, Chenyang and Zhang, Pingping and Lu, Huchuan},
  journal={IEEE Transactions on Neural Networks and Learning Systems}, 
  title={Deeply Coupled Convolution–Transformer With Spatial–Temporal Complementary Learning for Video-Based Person Re-Identification}, 
  year={2023},
  volume={},
  number={},
  pages={1-11},
  keywords={Transformers;Feature extraction;Videos;Training;Convolutional neural networks;Convolution;Visualization;Complementary learning;convolutional neural network (CNN);spatial–temporal information;video-based person re-identification (Re-ID);vision transformer},
  doi={10.1109/TNNLS.2023.3271353}}

@inproceedings{DBLP:conf/iccv/0001XMLYMF21,
  author       = {Haoqi Fan and
                  Bo Xiong and
                  Karttikeya Mangalam and
                  Yanghao Li and
                  Zhicheng Yan and
                  Jitendra Malik and
                  Christoph Feichtenhofer},
  title        = {Multiscale Vision Transformers},
  booktitle    = {Proceedings of the IEEE Conference on Computer Vision (ICCV)},
  pages        = {6804--6815},
  publisher    = {{IEEE}},
  year         = {2021},
  url          = {https://doi.org/10.1109/ICCV48922.2021.00675},
  doi          = {10.1109/ICCV48922.2021.00675},
  timestamp    = {Fri, 11 Mar 2022 10:01:59 +0100},
  biburl       = {https://dblp.org/rec/conf/iccv/0001XMLYMF21.bib},
  bibsource    = {dblp computer science bibliography, https://dblp.org}
}

@inproceedings{DBLP:conf/iccv/LiWH0WW023,
  author       = {Kunchang Li and
                  Yali Wang and
                  Yinan He and
                  Yizhuo Li and
                  Yi Wang and
                  Limin Wang and
                  Yu Qiao},
  title        = {UniFormerV2: Unlocking the Potential of Image ViTs for Video Understanding},
  booktitle    = {Proceedings of the IEEE Conference on Computer Vision (ICCV)},
  pages        = {1632--1643},
  publisher    = {{IEEE}},
  year         = {2023},
  url          = {https://doi.org/10.1109/ICCV51070.2023.00157},
  doi          = {10.1109/ICCV51070.2023.00157},
  timestamp    = {Tue, 09 Apr 2024 11:58:14 +0200},
  biburl       = {https://dblp.org/rec/conf/iccv/LiWH0WW023.bib},
  bibsource    = {dblp computer science bibliography, https://dblp.org}
}

@article{DBLP:journals/tmm/WuWBDLCDX23,
  author       = {Fei Wu and
                  Qingzhong Wang and
                  Jiang Bian and
                  Ning Ding and
                  Feixiang Lu and
                  Jun Cheng and
                  Dejing Dou and
                  Haoyi Xiong},
  title        = {A Survey on Video Action Recognition in Sports: Datasets, Methods
                  and Applications},
  journal      = {{IEEE} Trans. Multim.},
  volume       = {25},
  pages        = {7943--7966},
  year         = {2023},
  url          = {https://doi.org/10.1109/TMM.2022.3232034},
  doi          = {10.1109/TMM.2022.3232034},
  timestamp    = {Sun, 31 Dec 2023 19:06:37 +0100},
  biburl       = {https://dblp.org/rec/journals/tmm/WuWBDLCDX23.bib},
  bibsource    = {dblp computer science bibliography, https://dblp.org}
}