@article{DBLP:journals/ijmir/ZhuJCGL23,
  author       = {Cunjuan Zhu and
                  Qi Jia and
                  Wei Chen and
                  Yanming Guo and
                  Yu Liu},
  title        = {Deep learning for video-text retrieval: a review},
  journal      = {Int. J. Multim. Inf. Retr.},
  volume       = {12},
  number       = {1},
  pages        = {3},
  year         = {2023},
  url          = {https://doi.org/10.1007/s13735-023-00267-8},
  doi          = {10.1007/S13735-023-00267-8},
  timestamp    = {Tue, 07 Mar 2023 08:18:09 +0100},
  biburl       = {https://dblp.org/rec/journals/ijmir/ZhuJCGL23.bib},
  bibsource    = {dblp computer science bibliography, https://dblp.org}
}

@article{DBLP:journals/mta/KhanJKSHKA24,
  author       = {Muhammad Attique Khan and
                  Kashif Javed and
                  Sajid Ali Khan and
                  Tanzila Saba and
                  Usman Habib and
                  Junaid Ali Khan and
                  Aaqif Afzaal Abbasi},
  title        = {Human action recognition using fusion of multiview and deep features:
                  an application to video surveillance},
  journal      = {Multim. Tools Appl.},
  volume       = {83},
  number       = {5},
  pages        = {14885--14911},
  year         = {2024},
  url          = {https://doi.org/10.1007/s11042-020-08806-9},
  doi          = {10.1007/S11042-020-08806-9},
  timestamp    = {Fri, 22 Mar 2024 08:54:11 +0100},
  biburl       = {https://dblp.org/rec/journals/mta/KhanJKSHKA24.bib},
  bibsource    = {dblp computer science bibliography, https://dblp.org}
}

@article{陆启迪2023基于实时视频感知的虚拟体育交互系统,
  title={基于实时视频感知的虚拟体育交互系统},
  author={陆启迪 and 陈志祥 and 魏鑫 and 高梓玉 and 丁浩然 and 赵海峰 and 张燕},
  journal={计算机系统应用},
  volume={32},
  number={3},
  pages={125-132},
  year={2023},
}

@article{毕春艳2023基于深度学习的视频人体动作识别综述,
  title={基于深度学习的视频人体动作识别综述},
  author={毕春艳 and 刘越},
  journal={图学学报},
  volume={44},
  number={4},
  pages={625-639},
  year={2023},
}

@inproceedings{DBLP:conf/iccv/TranBFTP15,
  author       = {Du Tran and
                  Lubomir D. Bourdev and
                  Rob Fergus and
                  Lorenzo Torresani and
                  Manohar Paluri},
  title        = {Learning Spatiotemporal Features with 3D Convolutional Networks},
  booktitle    = {2015 {IEEE} International Conference on Computer Vision, {ICCV} 2015,
                  Santiago, Chile, December 7-13, 2015},
  pages        = {4489--4497},
  publisher    = {{IEEE} Computer Society},
  year         = {2015},
  url          = {https://doi.org/10.1109/ICCV.2015.510},
  doi          = {10.1109/ICCV.2015.510},
  timestamp    = {Thu, 23 Mar 2023 23:57:44 +0100},
  biburl       = {https://dblp.org/rec/conf/iccv/TranBFTP15.bib},
  bibsource    = {dblp computer science bibliography, https://dblp.org}
}


@inproceedings{DBLP:conf/cvpr/CarreiraZ17,
  author       = {Jo{\~{a}}o Carreira and
                  Andrew Zisserman},
  title        = {Quo Vadis, Action Recognition? {A} New Model and the Kinetics Dataset},
  booktitle    = {2017 {IEEE} Conference on Computer Vision and Pattern Recognition,
                  {CVPR} 2017, Honolulu, HI, USA, July 21-26, 2017},
  pages        = {4724--4733},
  publisher    = {{IEEE} Computer Society},
  year         = {2017},
  url          = {https://doi.org/10.1109/CVPR.2017.502},
  doi          = {10.1109/CVPR.2017.502},
  timestamp    = {Fri, 24 Mar 2023 00:02:59 +0100},
  biburl       = {https://dblp.org/rec/conf/cvpr/CarreiraZ17.bib},
  bibsource    = {dblp computer science bibliography, https://dblp.org}
}

@inproceedings{DBLP:conf/cvpr/HaraKS18,
  author       = {Kensho Hara and
                  Hirokatsu Kataoka and
                  Yutaka Satoh},
  title        = {Can Spatiotemporal 3D CNNs Retrace the History of 2D CNNs and ImageNet?},
  booktitle    = {2018 {IEEE} Conference on Computer Vision and Pattern Recognition,
                  {CVPR} 2018, Salt Lake City, UT, USA, June 18-22, 2018},
  pages        = {6546--6555},
  publisher    = {Computer Vision Foundation / {IEEE} Computer Society},
  year         = {2018},
  url          = {http://openaccess.thecvf.com/content\_cvpr\_2018/html/Hara\_Can\_Spatiotemporal\_3D\_CVPR\_2018\_paper.html},
  doi          = {10.1109/CVPR.2018.00685},
  timestamp    = {Fri, 24 Mar 2023 00:02:57 +0100},
  biburl       = {https://dblp.org/rec/conf/cvpr/HaraKS18.bib},
  bibsource    = {dblp computer science bibliography, https://dblp.org}
}

@inproceedings{DBLP:conf/iclr/DosovitskiyB0WZ21,
  author       = {Alexey Dosovitskiy and
                  Lucas Beyer and
                  Alexander Kolesnikov and
                  Dirk Weissenborn and
                  Xiaohua Zhai and
                  Thomas Unterthiner and
                  Mostafa Dehghani and
                  Matthias Minderer and
                  Georg Heigold and
                  Sylvain Gelly and
                  Jakob Uszkoreit and
                  Neil Houlsby},
  title        = {An Image is Worth 16x16 Words: Transformers for Image Recognition
                  at Scale},
  booktitle    = {9th International Conference on Learning Representations, {ICLR} 2021,
                  Virtual Event, Austria, May 3-7, 2021},
  publisher    = {OpenReview.net},
  year         = {2021},
  url          = {https://openreview.net/forum?id=YicbFdNTTy},
  timestamp    = {Wed, 23 Jun 2021 17:36:39 +0200},
  biburl       = {https://dblp.org/rec/conf/iclr/DosovitskiyB0WZ21.bib},
  bibsource    = {dblp computer science bibliography, https://dblp.org}
}

@inproceedings{DBLP:conf/iccv/Arnab0H0LS21,
  author       = {Anurag Arnab and
                  Mostafa Dehghani and
                  Georg Heigold and
                  Chen Sun and
                  Mario Lucic and
                  Cordelia Schmid},
  title        = {ViViT: {A} Video Vision Transformer},
  booktitle    = {2021 {IEEE/CVF} International Conference on Computer Vision, {ICCV}
                  2021, Montreal, QC, Canada, October 10-17, 2021},
  pages        = {6816--6826},
  publisher    = {{IEEE}},
  year         = {2021},
  url          = {https://doi.org/10.1109/ICCV48922.2021.00676},
  doi          = {10.1109/ICCV48922.2021.00676},
  timestamp    = {Fri, 11 Mar 2022 10:01:59 +0100},
  biburl       = {https://dblp.org/rec/conf/iccv/Arnab0H0LS21.bib},
  bibsource    = {dblp computer science bibliography, https://dblp.org}
}

@inproceedings{DBLP:conf/icml/BertasiusWT21,
  author       = {Gedas Bertasius and
                  Heng Wang and
                  Lorenzo Torresani},
  editor       = {Marina Meila and
                  Tong Zhang},
  title        = {Is Space-Time Attention All You Need for Video Understanding?},
  booktitle    = {Proceedings of the 38th International Conference on Machine Learning,
                  {ICML} 2021, 18-24 July 2021, Virtual Event},
  series       = {Proceedings of Machine Learning Research},
  volume       = {139},
  pages        = {813--824},
  publisher    = {{PMLR}},
  year         = {2021},
  url          = {http://proceedings.mlr.press/v139/bertasius21a.html},
  timestamp    = {Wed, 25 Aug 2021 17:11:16 +0200},
  biburl       = {https://dblp.org/rec/conf/icml/BertasiusWT21.bib},
  bibsource    = {dblp computer science bibliography, https://dblp.org}
}

@inproceedings{DBLP:conf/iccv/PengHGXWJY21,
  author       = {Zhiliang Peng and
                  Wei Huang and
                  Shanzhi Gu and
                  Lingxi Xie and
                  Yaowei Wang and
                  Jianbin Jiao and
                  Qixiang Ye},
  title        = {Conformer: Local Features Coupling Global Representations for Visual
                  Recognition},
  booktitle    = {2021 {IEEE/CVF} International Conference on Computer Vision, {ICCV}
                  2021, Montreal, QC, Canada, October 10-17, 2021},
  pages        = {357--366},
  publisher    = {{IEEE}},
  year         = {2021},
  url          = {https://doi.org/10.1109/ICCV48922.2021.00042},
  doi          = {10.1109/ICCV48922.2021.00042},
  timestamp    = {Tue, 31 Oct 2023 15:43:40 +0100},
  biburl       = {https://dblp.org/rec/conf/iccv/PengHGXWJY21.bib},
  bibsource    = {dblp computer science bibliography, https://dblp.org}
}

@article{田永林2022视觉,
  title={视觉Transformer研究的关键问题: 现状及展望},
  author={田永林 and 王雨桐 and 王建功 and 王晓 and 王飞跃},
  journal={自动化学报},
  volume={48},
  number={4},
  pages={23},
  year={2022},
}

@article{DBLP:journals/corr/HintonVD15,
  author       = {Geoffrey E. Hinton and
                  Oriol Vinyals and
                  Jeffrey Dean},
  title        = {Distilling the Knowledge in a Neural Network},
  journal      = {CoRR},
  volume       = {abs/1503.02531},
  year         = {2015},
  url          = {http://arxiv.org/abs/1503.02531},
  eprinttype    = {arXiv},
  eprint       = {1503.02531},
  timestamp    = {Mon, 13 Aug 2018 16:48:36 +0200},
  biburl       = {https://dblp.org/rec/journals/corr/HintonVD15.bib},
  bibsource    = {dblp computer science bibliography, https://dblp.org}
}

@article{DBLP:journals/corr/abs-2203-06760,
  author       = {Yuan Gong and
                  Sameer Khurana and
                  Andrew Rouditchenko and
                  James R. Glass},
  title        = {{CMKD:} CNN/Transformer-Based Cross-Model Knowledge Distillation for
                  Audio Classification},
  journal      = {CoRR},
  volume       = {abs/2203.06760},
  year         = {2022},
  url          = {https://doi.org/10.48550/arXiv.2203.06760},
  doi          = {10.48550/ARXIV.2203.06760},
  eprinttype    = {arXiv},
  eprint       = {2203.06760},
  timestamp    = {Tue, 05 Mar 2024 16:17:06 +0100},
  biburl       = {https://dblp.org/rec/journals/corr/abs-2203-06760.bib},
  bibsource    = {dblp computer science bibliography, https://dblp.org}
}

@inproceedings{DBLP:conf/cvpr/HeZRS16,
  author       = {Kaiming He and
                  Xiangyu Zhang and
                  Shaoqing Ren and
                  Jian Sun},
  title        = {Deep Residual Learning for Image Recognition},
  booktitle    = {2016 {IEEE} Conference on Computer Vision and Pattern Recognition,
                  {CVPR} 2016, Las Vegas, NV, USA, June 27-30, 2016},
  pages        = {770--778},
  publisher    = {{IEEE} Computer Society},
  year         = {2016},
  url          = {https://doi.org/10.1109/CVPR.2016.90},
  doi          = {10.1109/CVPR.2016.90},
  timestamp    = {Fri, 24 Mar 2023 00:02:57 +0100},
  biburl       = {https://dblp.org/rec/conf/cvpr/HeZRS16.bib},
  bibsource    = {dblp computer science bibliography, https://dblp.org}
}

@article{张洋:165,
author = {张洋, 夏英},
title = {多尺度特征融合的遥感图像目标检测方法},
publisher = {计算机科学},
year = {2024},
journal = {计算机科学},
volume = {51},
number = {3},
eid = {165},
numpages = {8},
pages = {165},
keywords = {遥感图像;目标检测;多尺度特征;特征融合;YOLOv5},
url = {https://www.jsjkx.com/CN/abstract/article_22221.shtml},
doi = {10.11896/jsjkx.230200030}
}    

@article{ JSGG20230821003,
author = { 张睿 and  李允臣 and  王家宝 and  陈瑶 and  王梓棋 and  李阳 },
title = {多尺度特征融合的双模态目标检测方法},
journal = {计算机工程与应用},
pages = {1-11},
issn = {1002-8331},
}

@article{lifuzzysegnet,
  title={基于模糊多尺度特征的遥感图像分割网络},
  author={李子怡 and 曲婷婷 and 崇乾鹏 and 徐金东},
  journal={计算机应用},
  pages={1-2},
}

@inproceedings{DBLP:conf/mm/HuJG22,
  author       = {Xinghang Hu and
                  Yanli Ji and
                  Kumie Alemu Gedamu},
  editor       = {Dingwen Zhang and
                  Chaowei Fang and
                  Wu Liu and
                  Xinchen Liu and
                  Jingkuan Song and
                  Hongyuan Zhu and
                  Wenbing Huang and
                  John Smith},
  title        = {Multi-level Multi-modal Feature Fusion for Action Recognition in Videos},
  booktitle    = {HCMA@MM 2022: Proceedings of the 3rd International Workshop on Human-Centric
                  Multimedia Analysis, Lisboa, Portugal, October 10, 2022},
  pages        = {25--33},
  publisher    = {{ACM}},
  year         = {2022},
  url          = {https://doi.org/10.1145/3552458.3556449},
  doi          = {10.1145/3552458.3556449},
  timestamp    = {Wed, 19 Oct 2022 09:46:22 +0200},
  biburl       = {https://dblp.org/rec/conf/mm/HuJG22.bib},
  bibsource    = {dblp computer science bibliography, https://dblp.org}
}


@inproceedings{DBLP:conf/cvpr/WangKSL11,
  author       = {Heng Wang and
                  Alexander Kl{\"{a}}ser and
                  Cordelia Schmid and
                  Cheng{-}Lin Liu},
  title        = {Action recognition by dense trajectories},
  booktitle    = {The 24th {IEEE} Conference on Computer Vision and Pattern Recognition,
                  {CVPR} 2011, Colorado Springs, CO, USA, 20-25 June 2011},
  pages        = {3169--3176},
  publisher    = {{IEEE} Computer Society},
  year         = {2011},
  url          = {https://doi.org/10.1109/CVPR.2011.5995407},
  doi          = {10.1109/CVPR.2011.5995407},
  timestamp    = {Fri, 24 Mar 2023 00:02:58 +0100},
  biburl       = {https://dblp.org/rec/conf/cvpr/WangKSL11.bib},
  bibsource    = {dblp computer science bibliography, https://dblp.org}
}


@inproceedings{DBLP:conf/iccv/WangS13a,
  author       = {Heng Wang and
                  Cordelia Schmid},
  title        = {Action Recognition with Improved Trajectories},
  booktitle    = {{IEEE} International Conference on Computer Vision, {ICCV} 2013, Sydney,
                  Australia, December 1-8, 2013},
  pages        = {3551--3558},
  publisher    = {{IEEE} Computer Society},
  year         = {2013},
  url          = {https://doi.org/10.1109/ICCV.2013.441},
  doi          = {10.1109/ICCV.2013.441},
  timestamp    = {Thu, 23 Mar 2023 23:57:41 +0100},
  biburl       = {https://dblp.org/rec/conf/iccv/WangS13a.bib},
  bibsource    = {dblp computer science bibliography, https://dblp.org}
}


@inproceedings{DBLP:conf/nips/SimonyanZ14,
  author       = {Karen Simonyan and
                  Andrew Zisserman},
  editor       = {Zoubin Ghahramani and
                  Max Welling and
                  Corinna Cortes and
                  Neil D. Lawrence and
                  Kilian Q. Weinberger},
  title        = {Two-Stream Convolutional Networks for Action Recognition in Videos},
  booktitle    = {Advances in Neural Information Processing Systems 27: Annual Conference
                  on Neural Information Processing Systems 2014, December 8-13 2014,
                  Montreal, Quebec, Canada},
  pages        = {568--576},
  year         = {2014},
  url          = {https://proceedings.neurips.cc/paper/2014/hash/00ec53c4682d36f5c4359f4ae7bd7ba1-Abstract.html},
  timestamp    = {Mon, 16 May 2022 15:41:51 +0200},
  biburl       = {https://dblp.org/rec/conf/nips/SimonyanZ14.bib},
  bibsource    = {dblp computer science bibliography, https://dblp.org}
}


@inproceedings{DBLP:conf/eccv/WangXW0LTG16,
  author       = {Limin Wang and
                  Yuanjun Xiong and
                  Zhe Wang and
                  Yu Qiao and
                  Dahua Lin and
                  Xiaoou Tang and
                  Luc Van Gool},
  editor       = {Bastian Leibe and
                  Jiri Matas and
                  Nicu Sebe and
                  Max Welling},
  title        = {Temporal Segment Networks: Towards Good Practices for Deep Action
                  Recognition},
  booktitle    = {Computer Vision - {ECCV} 2016 - 14th European Conference, Amsterdam,
                  The Netherlands, October 11-14, 2016, Proceedings, Part {VIII}},
  series       = {Lecture Notes in Computer Science},
  volume       = {9912},
  pages        = {20--36},
  publisher    = {Springer},
  year         = {2016},
  url          = {https://doi.org/10.1007/978-3-319-46484-8\_2},
  doi          = {10.1007/978-3-319-46484-8\_2},
  timestamp    = {Wed, 07 Dec 2022 23:10:23 +0100},
  biburl       = {https://dblp.org/rec/conf/eccv/WangXW0LTG16.bib},
  bibsource    = {dblp computer science bibliography, https://dblp.org}
}


@inproceedings{DBLP:conf/cvpr/TranWTRLP18,
  author       = {Du Tran and
                  Heng Wang and
                  Lorenzo Torresani and
                  Jamie Ray and
                  Yann LeCun and
                  Manohar Paluri},
  title        = {A Closer Look at Spatiotemporal Convolutions for Action Recognition},
  booktitle    = {2018 {IEEE} Conference on Computer Vision and Pattern Recognition,
                  {CVPR} 2018, Salt Lake City, UT, USA, June 18-22, 2018},
  pages        = {6450--6459},
  publisher    = {Computer Vision Foundation / {IEEE} Computer Society},
  year         = {2018},
  url          = {http://openaccess.thecvf.com/content\_cvpr\_2018/html/Tran\_A\_Closer\_Look\_CVPR\_2018\_paper.html},
  doi          = {10.1109/CVPR.2018.00675},
  timestamp    = {Fri, 24 Mar 2023 00:02:52 +0100},
  biburl       = {https://dblp.org/rec/conf/cvpr/TranWTRLP18.bib},
  bibsource    = {dblp computer science bibliography, https://dblp.org}
}


@inproceedings{DBLP:conf/iccv/LinGH19,
  author       = {Ji Lin and
                  Chuang Gan and
                  Song Han},
  title        = {{TSM:} Temporal Shift Module for Efficient Video Understanding},
  booktitle    = {2019 {IEEE/CVF} International Conference on Computer Vision, {ICCV}
                  2019, Seoul, Korea (South), October 27 - November 2, 2019},
  pages        = {7082--7092},
  publisher    = {{IEEE}},
  year         = {2019},
  url          = {https://doi.org/10.1109/ICCV.2019.00718},
  doi          = {10.1109/ICCV.2019.00718},
  timestamp    = {Tue, 22 Dec 2020 16:05:42 +0100},
  biburl       = {https://dblp.org/rec/conf/iccv/LinGH19.bib},
  bibsource    = {dblp computer science bibliography, https://dblp.org}
}

@inproceedings{DBLP:conf/nips/VaswaniSPUJGKP17,
  author       = {Ashish Vaswani and
                  Noam Shazeer and
                  Niki Parmar and
                  Jakob Uszkoreit and
                  Llion Jones and
                  Aidan N. Gomez and
                  Lukasz Kaiser and
                  Illia Polosukhin},
  editor       = {Isabelle Guyon and
                  Ulrike von Luxburg and
                  Samy Bengio and
                  Hanna M. Wallach and
                  Rob Fergus and
                  S. V. N. Vishwanathan and
                  Roman Garnett},
  title        = {Attention is All you Need},
  booktitle    = {Advances in Neural Information Processing Systems 30: Annual Conference
                  on Neural Information Processing Systems 2017, December 4-9, 2017,
                  Long Beach, CA, {USA}},
  pages        = {5998--6008},
  year         = {2017},
  url          = {https://proceedings.neurips.cc/paper/2017/hash/3f5ee243547dee91fbd053c1c4a845aa-Abstract.html},
  timestamp    = {Thu, 21 Jan 2021 15:15:21 +0100},
  biburl       = {https://dblp.org/rec/conf/nips/VaswaniSPUJGKP17.bib},
  bibsource    = {dblp computer science bibliography, https://dblp.org}
}


@inproceedings{DBLP:conf/iccv/LiuL00W0LG21,
  author       = {Ze Liu and
                  Yutong Lin and
                  Yue Cao and
                  Han Hu and
                  Yixuan Wei and
                  Zheng Zhang and
                  Stephen Lin and
                  Baining Guo},
  title        = {Swin Transformer: Hierarchical Vision Transformer using Shifted Windows},
  booktitle    = {2021 {IEEE/CVF} International Conference on Computer Vision, {ICCV}
                  2021, Montreal, QC, Canada, October 10-17, 2021},
  pages        = {9992--10002},
  publisher    = {{IEEE}},
  year         = {2021},
  url          = {https://doi.org/10.1109/ICCV48922.2021.00986},
  doi          = {10.1109/ICCV48922.2021.00986},
  timestamp    = {Mon, 05 Jun 2023 16:18:23 +0200},
  biburl       = {https://dblp.org/rec/conf/iccv/LiuL00W0LG21.bib},
  bibsource    = {dblp computer science bibliography, https://dblp.org}
}

@inproceedings{DBLP:conf/icml/dAscoliTLMBS21,
  author       = {St{\'{e}}phane d'Ascoli and
                  Hugo Touvron and
                  Matthew L. Leavitt and
                  Ari S. Morcos and
                  Giulio Biroli and
                  Levent Sagun},
  editor       = {Marina Meila and
                  Tong Zhang},
  title        = {ConViT: Improving Vision Transformers with Soft Convolutional Inductive
                  Biases},
  booktitle    = {Proceedings of the 38th International Conference on Machine Learning,
                  {ICML} 2021, 18-24 July 2021, Virtual Event},
  series       = {Proceedings of Machine Learning Research},
  volume       = {139},
  pages        = {2286--2296},
  publisher    = {{PMLR}},
  year         = {2021},
  url          = {http://proceedings.mlr.press/v139/d-ascoli21a.html},
  timestamp    = {Wed, 25 Aug 2021 17:11:17 +0200},
  biburl       = {https://dblp.org/rec/conf/icml/dAscoliTLMBS21.bib},
  bibsource    = {dblp computer science bibliography, https://dblp.org}
}

@inproceedings{DBLP:conf/cvpr/0003MWFDX22,
  author       = {Zhuang Liu and
                  Hanzi Mao and
                  Chao{-}Yuan Wu and
                  Christoph Feichtenhofer and
                  Trevor Darrell and
                  Saining Xie},
  title        = {A ConvNet for the 2020s},
  booktitle    = {{IEEE/CVF} Conference on Computer Vision and Pattern Recognition,
                  {CVPR} 2022, New Orleans, LA, USA, June 18-24, 2022},
  pages        = {11966--11976},
  publisher    = {{IEEE}},
  year         = {2022},
  url          = {https://doi.org/10.1109/CVPR52688.2022.01167},
  doi          = {10.1109/CVPR52688.2022.01167},
  timestamp    = {Wed, 05 Oct 2022 16:31:19 +0200},
  biburl       = {https://dblp.org/rec/conf/cvpr/0003MWFDX22.bib},
  bibsource    = {dblp computer science bibliography, https://dblp.org}
}


@article{DBLP:journals/corr/abs-1711-07971,
  author       = {Xiaolong Wang and
                  Ross B. Girshick and
                  Abhinav Gupta and
                  Kaiming He},
  title        = {Non-local Neural Networks},
  journal      = {CoRR},
  volume       = {abs/1711.07971},
  year         = {2017},
  url          = {http://arxiv.org/abs/1711.07971},
  eprinttype    = {arXiv},
  eprint       = {1711.07971},
  timestamp    = {Fri, 05 Apr 2019 07:29:46 +0200},
  biburl       = {https://dblp.org/rec/journals/corr/abs-1711-07971.bib},
  bibsource    = {dblp computer science bibliography, https://dblp.org}
}

@inproceedings{DBLP:conf/iccv/Feichtenhofer0M19,
  author       = {Christoph Feichtenhofer and
                  Haoqi Fan and
                  Jitendra Malik and
                  Kaiming He},
  title        = {SlowFast Networks for Video Recognition},
  booktitle    = {2019 {IEEE/CVF} International Conference on Computer Vision, {ICCV}
                  2019, Seoul, Korea (South), October 27 - November 2, 2019},
  pages        = {6201--6210},
  publisher    = {{IEEE}},
  year         = {2019},
  url          = {https://doi.org/10.1109/ICCV.2019.00630},
  doi          = {10.1109/ICCV.2019.00630},
  timestamp    = {Thu, 05 Mar 2020 13:43:22 +0100},
  biburl       = {https://dblp.org/rec/conf/iccv/Feichtenhofer0M19.bib},
  bibsource    = {dblp computer science bibliography, https://dblp.org}
}

@article{DBLP:journals/corr/abs-2106-13230,
  author       = {Ze Liu and
                  Jia Ning and
                  Yue Cao and
                  Yixuan Wei and
                  Zheng Zhang and
                  Stephen Lin and
                  Han Hu},
  title        = {Video Swin Transformer},
  journal      = {CoRR},
  volume       = {abs/2106.13230},
  year         = {2021},
  url          = {https://arxiv.org/abs/2106.13230},
  eprinttype    = {arXiv},
  eprint       = {2106.13230},
  timestamp    = {Mon, 05 Jun 2023 16:18:23 +0200},
  biburl       = {https://dblp.org/rec/journals/corr/abs-2106-13230.bib},
  bibsource    = {dblp computer science bibliography, https://dblp.org}
}

@inproceedings{DBLP:conf/cvpr/LiW0MXMF22,
  author       = {Yanghao Li and
                  Chao{-}Yuan Wu and
                  Haoqi Fan and
                  Karttikeya Mangalam and
                  Bo Xiong and
                  Jitendra Malik and
                  Christoph Feichtenhofer},
  title        = {MViTv2: Improved Multiscale Vision Transformers for Classification
                  and Detection},
  booktitle    = {{IEEE/CVF} Conference on Computer Vision and Pattern Recognition,
                  {CVPR} 2022, New Orleans, LA, USA, June 18-24, 2022},
  pages        = {4794--4804},
  publisher    = {{IEEE}},
  year         = {2022},
  url          = {https://doi.org/10.1109/CVPR52688.2022.00476},
  doi          = {10.1109/CVPR52688.2022.00476},
  timestamp    = {Tue, 04 Oct 2022 17:56:08 +0200},
  biburl       = {https://dblp.org/rec/conf/cvpr/LiW0MXMF22.bib},
  bibsource    = {dblp computer science bibliography, https://dblp.org}
}


@inproceedings{DBLP:conf/nips/XiaoSMDDG21,
  author       = {Tete Xiao and
                  Mannat Singh and
                  Eric Mintun and
                  Trevor Darrell and
                  Piotr Doll{\'{a}}r and
                  Ross B. Girshick},
  editor       = {Marc'Aurelio Ranzato and
                  Alina Beygelzimer and
                  Yann N. Dauphin and
                  Percy Liang and
                  Jennifer Wortman Vaughan},
  title        = {Early Convolutions Help Transformers See Better},
  booktitle    = {Advances in Neural Information Processing Systems 34: Annual Conference
                  on Neural Information Processing Systems 2021, NeurIPS 2021, December
                  6-14, 2021, virtual},
  pages        = {30392--30400},
  year         = {2021},
  url          = {https://proceedings.neurips.cc/paper/2021/hash/ff1418e8cc993fe8abcfe3ce2003e5c5-Abstract.html},
  timestamp    = {Tue, 03 May 2022 16:20:49 +0200},
  biburl       = {https://dblp.org/rec/conf/nips/XiaoSMDDG21.bib},
  bibsource    = {dblp computer science bibliography, https://dblp.org}
}


@inproceedings{DBLP:conf/iccv/YuanG0ZYW21,
  author       = {Kun Yuan and
                  Shaopeng Guo and
                  Ziwei Liu and
                  Aojun Zhou and
                  Fengwei Yu and
                  Wei Wu},
  title        = {Incorporating Convolution Designs into Visual Transformers},
  booktitle    = {2021 {IEEE/CVF} International Conference on Computer Vision, {ICCV}
                  2021, Montreal, QC, Canada, October 10-17, 2021},
  pages        = {559--568},
  publisher    = {{IEEE}},
  year         = {2021},
  url          = {https://doi.org/10.1109/ICCV48922.2021.00062},
  doi          = {10.1109/ICCV48922.2021.00062},
  timestamp    = {Fri, 11 Mar 2022 10:01:59 +0100},
  biburl       = {https://dblp.org/rec/conf/iccv/YuanG0ZYW21.bib},
  bibsource    = {dblp computer science bibliography, https://dblp.org}
}

@article{DBLP:journals/corr/abs-2011-10185,
  author       = {Zhouyong Liu and
                  Shun Luo and
                  Wubin Li and
                  Jingben Lu and
                  Yufan Wu and
                  Chunguo Li and
                  Luxi Yang},
  title        = {ConvTransformer: {A} Convolutional Transformer Network for Video Frame
                  Synthesis},
  journal      = {CoRR},
  volume       = {abs/2011.10185},
  year         = {2020},
  url          = {https://arxiv.org/abs/2011.10185},
  eprinttype    = {arXiv},
  eprint       = {2011.10185},
  timestamp    = {Wed, 25 Nov 2020 16:34:14 +0100},
  biburl       = {https://dblp.org/rec/journals/corr/abs-2011-10185.bib},
  bibsource    = {dblp computer science bibliography, https://dblp.org}
}

@inproceedings{DBLP:conf/iccv/WuXCLDY021,
  author       = {Haiping Wu and
                  Bin Xiao and
                  Noel Codella and
                  Mengchen Liu and
                  Xiyang Dai and
                  Lu Yuan and
                  Lei Zhang},
  title        = {CvT: Introducing Convolutions to Vision Transformers},
  booktitle    = {2021 {IEEE/CVF} International Conference on Computer Vision, {ICCV}
                  2021, Montreal, QC, Canada, October 10-17, 2021},
  pages        = {22--31},
  publisher    = {{IEEE}},
  year         = {2021},
  url          = {https://doi.org/10.1109/ICCV48922.2021.00009},
  doi          = {10.1109/ICCV48922.2021.00009},
  timestamp    = {Tue, 18 Oct 2022 08:35:28 +0200},
  biburl       = {https://dblp.org/rec/conf/iccv/WuXCLDY021.bib},
  bibsource    = {dblp computer science bibliography, https://dblp.org}
}

@inproceedings{DBLP:conf/nips/DaiLLT21,
  author       = {Zihang Dai and
                  Hanxiao Liu and
                  Quoc V. Le and
                  Mingxing Tan},
  editor       = {Marc'Aurelio Ranzato and
                  Alina Beygelzimer and
                  Yann N. Dauphin and
                  Percy Liang and
                  Jennifer Wortman Vaughan},
  title        = {CoAtNet: Marrying Convolution and Attention for All Data Sizes},
  booktitle    = {Advances in Neural Information Processing Systems 34: Annual Conference
                  on Neural Information Processing Systems 2021, NeurIPS 2021, December
                  6-14, 2021, virtual},
  pages        = {3965--3977},
  year         = {2021},
  url          = {https://proceedings.neurips.cc/paper/2021/hash/20568692db622456cc42a2e853ca21f8-Abstract.html},
  timestamp    = {Tue, 03 May 2022 16:20:47 +0200},
  biburl       = {https://dblp.org/rec/conf/nips/DaiLLT21.bib},
  bibsource    = {dblp computer science bibliography, https://dblp.org}
}

@article{DBLP:journals/corr/abs-2110-09408,
  author       = {Yuhui Yuan and
                  Rao Fu and
                  Lang Huang and
                  Weihong Lin and
                  Chao Zhang and
                  Xilin Chen and
                  Jingdong Wang},
  title        = {HRFormer: High-Resolution Transformer for Dense Prediction},
  journal      = {CoRR},
  volume       = {abs/2110.09408},
  year         = {2021},
  url          = {https://arxiv.org/abs/2110.09408},
  eprinttype    = {arXiv},
  eprint       = {2110.09408},
  timestamp    = {Wed, 02 Nov 2022 15:42:53 +0100},
  biburl       = {https://dblp.org/rec/journals/corr/abs-2110-09408.bib},
  bibsource    = {dblp computer science bibliography, https://dblp.org}
}

@inproceedings{DBLP:conf/eccv/WangXZWZL22,
  author       = {Cong Wang and
                  Hongmin Xu and
                  Xiong Zhang and
                  Li Wang and
                  Zhitong Zheng and
                  Haifeng Liu},
  editor       = {Shai Avidan and
                  Gabriel J. Brostow and
                  Moustapha Ciss{\'{e}} and
                  Giovanni Maria Farinella and
                  Tal Hassner},
  title        = {Convolutional Embedding Makes Hierarchical Vision Transformer Stronger},
  booktitle    = {Computer Vision - {ECCV} 2022 - 17th European Conference, Tel Aviv,
                  Israel, October 23-27, 2022, Proceedings, Part {XX}},
  series       = {Lecture Notes in Computer Science},
  volume       = {13680},
  pages        = {739--756},
  publisher    = {Springer},
  year         = {2022},
  url          = {https://doi.org/10.1007/978-3-031-20044-1\_42},
  doi          = {10.1007/978-3-031-20044-1\_42},
  timestamp    = {Sat, 20 May 2023 20:09:21 +0200},
  biburl       = {https://dblp.org/rec/conf/eccv/WangXZWZL22.bib},
  bibsource    = {dblp computer science bibliography, https://dblp.org}
}


@inproceedings{DBLP:conf/cvpr/Guo0WT00X22,
  author       = {Jianyuan Guo and
                  Kai Han and
                  Han Wu and
                  Yehui Tang and
                  Xinghao Chen and
                  Yunhe Wang and
                  Chang Xu},
  title        = {{CMT:} Convolutional Neural Networks Meet Vision Transformers},
  booktitle    = {{IEEE/CVF} Conference on Computer Vision and Pattern Recognition,
                  {CVPR} 2022, New Orleans, LA, USA, June 18-24, 2022},
  pages        = {12165--12175},
  publisher    = {{IEEE}},
  year         = {2022},
  url          = {https://doi.org/10.1109/CVPR52688.2022.01186},
  doi          = {10.1109/CVPR52688.2022.01186},
  timestamp    = {Sat, 30 Sep 2023 09:38:13 +0200},
  biburl       = {https://dblp.org/rec/conf/cvpr/Guo0WT00X22.bib},
  bibsource    = {dblp computer science bibliography, https://dblp.org}
}


@article{DBLP:journals/pami/LiWZGSLLQ23,
  author       = {Kunchang Li and
                  Yali Wang and
                  Junhao Zhang and
                  Peng Gao and
                  Guanglu Song and
                  Yu Liu and
                  Hongsheng Li and
                  Yu Qiao},
  title        = {UniFormer: Unifying Convolution and Self-Attention for Visual Recognition},
  journal      = {{IEEE} Trans. Pattern Anal. Mach. Intell.},
  volume       = {45},
  number       = {10},
  pages        = {12581--12600},
  year         = {2023},
  url          = {https://doi.org/10.1109/TPAMI.2023.3282631},
  doi          = {10.1109/TPAMI.2023.3282631},
  timestamp    = {Sun, 24 Sep 2023 15:45:28 +0200},
  biburl       = {https://dblp.org/rec/journals/pami/LiWZGSLLQ23.bib},
  bibsource    = {dblp computer science bibliography, https://dblp.org}
}


@inproceedings{DBLP:conf/cvpr/ChenDCLDY022,
  author       = {Yinpeng Chen and
                  Xiyang Dai and
                  Dongdong Chen and
                  Mengchen Liu and
                  Xiaoyi Dong and
                  Lu Yuan and
                  Zicheng Liu},
  title        = {Mobile-Former: Bridging MobileNet and Transformer},
  booktitle    = {{IEEE/CVF} Conference on Computer Vision and Pattern Recognition,
                  {CVPR} 2022, New Orleans, LA, USA, June 18-24, 2022},
  pages        = {5260--5269},
  publisher    = {{IEEE}},
  year         = {2022},
  url          = {https://doi.org/10.1109/CVPR52688.2022.00520},
  doi          = {10.1109/CVPR52688.2022.00520},
  timestamp    = {Mon, 30 Jan 2023 21:08:57 +0100},
  biburl       = {https://dblp.org/rec/conf/cvpr/ChenDCLDY022.bib},
  bibsource    = {dblp computer science bibliography, https://dblp.org}
}

@article{DBLP:journals/corr/abs-2304-14122,
  author       = {Xuehu Liu and
                  Chenyang Yu and
                  Pingping Zhang and
                  Huchuan Lu},
  title        = {Deeply-Coupled Convolution-Transformer with Spatial-temporal Complementary
                  Learning for Video-based Person Re-identification},
  journal      = {CoRR},
  volume       = {abs/2304.14122},
  year         = {2023},
  url          = {https://doi.org/10.48550/arXiv.2304.14122},
  doi          = {10.48550/ARXIV.2304.14122},
  eprinttype    = {arXiv},
  eprint       = {2304.14122},
  timestamp    = {Wed, 03 May 2023 14:12:58 +0200},
  biburl       = {https://dblp.org/rec/journals/corr/abs-2304-14122.bib},
  bibsource    = {dblp computer science bibliography, https://dblp.org}
}


@inproceedings{DBLP:conf/icml/TouvronCDMSJ21,
  author       = {Hugo Touvron and
                  Matthieu Cord and
                  Matthijs Douze and
                  Francisco Massa and
                  Alexandre Sablayrolles and
                  Herv{\'{e}} J{\'{e}}gou},
  editor       = {Marina Meila and
                  Tong Zhang},
  title        = {Training data-efficient image transformers {\&} distillation through
                  attention},
  booktitle    = {Proceedings of the 38th International Conference on Machine Learning,
                  {ICML} 2021, 18-24 July 2021, Virtual Event},
  series       = {Proceedings of Machine Learning Research},
  volume       = {139},
  pages        = {10347--10357},
  publisher    = {{PMLR}},
  year         = {2021},
  url          = {http://proceedings.mlr.press/v139/touvron21a.html},
  timestamp    = {Wed, 25 Aug 2021 17:11:17 +0200},
  biburl       = {https://dblp.org/rec/conf/icml/TouvronCDMSJ21.bib},
  bibsource    = {dblp computer science bibliography, https://dblp.org}
}

@inproceedings{DBLP:conf/eccv/LiYWYSC22,
  author       = {Kehan Li and
                  Runyi Yu and
                  Zhennan Wang and
                  Li Yuan and
                  Guoli Song and
                  Jie Chen},
  editor       = {Shai Avidan and
                  Gabriel J. Brostow and
                  Moustapha Ciss{\'{e}} and
                  Giovanni Maria Farinella and
                  Tal Hassner},
  title        = {Locality Guidance for Improving Vision Transformers on Tiny Datasets},
  booktitle    = {Computer Vision - {ECCV} 2022: 17th European Conference, Tel Aviv,
                  Israel, October 23-27, 2022, Proceedings, Part {XXIV}},
  series       = {Lecture Notes in Computer Science},
  volume       = {13684},
  pages        = {110--127},
  publisher    = {Springer},
  year         = {2022},
  url          = {https://doi.org/10.1007/978-3-031-20053-3\_7},
  doi          = {10.1007/978-3-031-20053-3\_7},
  timestamp    = {Fri, 01 Mar 2024 15:57:33 +0100},
  biburl       = {https://dblp.org/rec/conf/eccv/LiYWYSC22.bib},
  bibsource    = {dblp computer science bibliography, https://dblp.org}
}


@inproceedings{DBLP:conf/cvpr/RenGHXTHZ22,
  author       = {Sucheng Ren and
                  Zhengqi Gao and
                  Tianyu Hua and
                  Zihui Xue and
                  Yonglong Tian and
                  Shengfeng He and
                  Hang Zhao},
  title        = {Co-advise: Cross Inductive Bias Distillation},
  booktitle    = {{IEEE/CVF} Conference on Computer Vision and Pattern Recognition,
                  {CVPR} 2022, New Orleans, LA, USA, June 18-24, 2022},
  pages        = {16752--16761},
  publisher    = {{IEEE}},
  year         = {2022},
  url          = {https://doi.org/10.1109/CVPR52688.2022.01627},
  doi          = {10.1109/CVPR52688.2022.01627},
  timestamp    = {Mon, 05 Feb 2024 20:27:08 +0100},
  biburl       = {https://dblp.org/rec/conf/cvpr/RenGHXTHZ22.bib},
  bibsource    = {dblp computer science bibliography, https://dblp.org}
}

@inproceedings{DBLP:conf/iccv/ZhuLZWW23,
  author       = {Jinjing Zhu and
                  Yunhao Luo and
                  Xu Zheng and
                  Hao Wang and
                  Lin Wang},
  title        = {A Good Student is Cooperative and Reliable: CNN-Transformer Collaborative
                  Learning for Semantic Segmentation},
  booktitle    = {{IEEE/CVF} International Conference on Computer Vision, {ICCV} 2023,
                  Paris, France, October 1-6, 2023},
  pages        = {11686--11696},
  publisher    = {{IEEE}},
  year         = {2023},
  url          = {https://doi.org/10.1109/ICCV51070.2023.01076},
  doi          = {10.1109/ICCV51070.2023.01076},
  timestamp    = {Mon, 22 Jan 2024 17:21:08 +0100},
  biburl       = {https://dblp.org/rec/conf/iccv/ZhuLZWW23.bib},
  bibsource    = {dblp computer science bibliography, https://dblp.org}
}


@article{DBLP:journals/corr/abs-2209-02178,
  author       = {Xu Zheng and
                  Yunhao Luo and
                  Hao Wang and
                  Chong Fu and
                  Lin Wang},
  title        = {Transformer-CNN Cohort: Semi-supervised Semantic Segmentation by the
                  Best of Both Students},
  journal      = {CoRR},
  volume       = {abs/2209.02178},
  year         = {2022},
  url          = {https://doi.org/10.48550/arXiv.2209.02178},
  doi          = {10.48550/ARXIV.2209.02178},
  eprinttype    = {arXiv},
  eprint       = {2209.02178},
  timestamp    = {Mon, 26 Sep 2022 18:12:06 +0200},
  biburl       = {https://dblp.org/rec/journals/corr/abs-2209-02178.bib},
  bibsource    = {dblp computer science bibliography, https://dblp.org}
}

@inproceedings{DBLP:conf/nips/RaghuUKZD21,
  author       = {Maithra Raghu and
                  Thomas Unterthiner and
                  Simon Kornblith and
                  Chiyuan Zhang and
                  Alexey Dosovitskiy},
  editor       = {Marc'Aurelio Ranzato and
                  Alina Beygelzimer and
                  Yann N. Dauphin and
                  Percy Liang and
                  Jennifer Wortman Vaughan},
  title        = {Do Vision Transformers See Like Convolutional Neural Networks?},
  booktitle    = {Advances in Neural Information Processing Systems 34: Annual Conference
                  on Neural Information Processing Systems 2021, NeurIPS 2021, December
                  6-14, 2021, virtual},
  pages        = {12116--12128},
  year         = {2021},
  url          = {https://proceedings.neurips.cc/paper/2021/hash/652cf38361a209088302ba2b8b7f51e0-Abstract.html},
  timestamp    = {Tue, 03 May 2022 16:20:47 +0200},
  biburl       = {https://dblp.org/rec/conf/nips/RaghuUKZD21.bib},
  bibsource    = {dblp computer science bibliography, https://dblp.org}
}

@inproceedings{DBLP:conf/accv/LiuCLHDL22,
  author       = {Yufan Liu and
                  Jiajiong Cao and
                  Bing Li and
                  Weiming Hu and
                  Jingting Ding and
                  Liang Li},
  editor       = {Lei Wang and
                  Juergen Gall and
                  Tat{-}Jun Chin and
                  Imari Sato and
                  Rama Chellappa},
  title        = {Cross-Architecture Knowledge Distillation},
  booktitle    = {Computer Vision - {ACCV} 2022 - 16th Asian Conference on Computer
                  Vision, Macao, China, December 4-8, 2022, Proceedings, Part {V}},
  series       = {Lecture Notes in Computer Science},
  volume       = {13845},
  pages        = {179--195},
  publisher    = {Springer},
  year         = {2022},
  url          = {https://doi.org/10.1007/978-3-031-26348-4\_11},
  doi          = {10.1007/978-3-031-26348-4\_11},
  timestamp    = {Tue, 21 Mar 2023 20:58:52 +0100},
  biburl       = {https://dblp.org/rec/conf/accv/LiuCLHDL22.bib},
  bibsource    = {dblp computer science bibliography, https://dblp.org}
}


@inproceedings{DBLP:conf/iccv/ZhaoSL23,
  author       = {Borui Zhao and
                  Renjie Song and
                  Jiajun Liang},
  title        = {Cumulative Spatial Knowledge Distillation for Vision Transformers},
  booktitle    = {{IEEE/CVF} International Conference on Computer Vision, {ICCV} 2023,
                  Paris, France, October 1-6, 2023},
  pages        = {6123--6132},
  publisher    = {{IEEE}},
  year         = {2023},
  url          = {https://doi.org/10.1109/ICCV51070.2023.00565},
  doi          = {10.1109/ICCV51070.2023.00565},
  timestamp    = {Mon, 22 Jan 2024 17:21:08 +0100},
  biburl       = {https://dblp.org/rec/conf/iccv/ZhaoSL23.bib},
  bibsource    = {dblp computer science bibliography, https://dblp.org}
}


@inproceedings{DBLP:conf/nips/HaoG0TH0X23,
  author       = {Zhiwei Hao and
                  Jianyuan Guo and
                  Kai Han and
                  Yehui Tang and
                  Han Hu and
                  Yunhe Wang and
                  Chang Xu},
  editor       = {Alice Oh and
                  Tristan Naumann and
                  Amir Globerson and
                  Kate Saenko and
                  Moritz Hardt and
                  Sergey Levine},
  title        = {One-for-All: Bridge the Gap Between Heterogeneous Architectures in
                  Knowledge Distillation},
  booktitle    = {Advances in Neural Information Processing Systems 36: Annual Conference
                  on Neural Information Processing Systems 2023, NeurIPS 2023, New Orleans,
                  LA, USA, December 10 - 16, 2023},
  year         = {2023},
  url          = {http://papers.nips.cc/paper\_files/paper/2023/hash/fb8e5f198c7a5dcd48860354e38c0edc-Abstract-Conference.html},
  timestamp    = {Fri, 01 Mar 2024 16:26:21 +0100},
  biburl       = {https://dblp.org/rec/conf/nips/HaoG0TH0X23.bib},
  bibsource    = {dblp computer science bibliography, https://dblp.org}
}
@inproceedings{DBLP:conf/cvpr/DengDSLL009,
  author       = {Jia Deng and
                  Wei Dong and
                  Richard Socher and
                  Li{-}Jia Li and
                  Kai Li and
                  Li Fei{-}Fei},
  title        = {ImageNet: {A} large-scale hierarchical image database},
  booktitle    = {2009 {IEEE} Computer Society Conference on Computer Vision and Pattern
                  Recognition {(CVPR} 2009), 20-25 June 2009, Miami, Florida, {USA}},
  pages        = {248--255},
  publisher    = {{IEEE} Computer Society},
  year         = {2009},
  url          = {https://doi.org/10.1109/CVPR.2009.5206848},
  doi          = {10.1109/CVPR.2009.5206848},
  timestamp    = {Fri, 24 Mar 2023 00:02:52 +0100},
  biburl       = {https://dblp.org/rec/conf/cvpr/DengDSLL009.bib},
  bibsource    = {dblp computer science bibliography, https://dblp.org}
}

@inproceedings{DBLP:conf/cvpr/SzegedyLJSRAEVR15,
  author       = {Christian Szegedy and
                  Wei Liu and
                  Yangqing Jia and
                  Pierre Sermanet and
                  Scott E. Reed and
                  Dragomir Anguelov and
                  Dumitru Erhan and
                  Vincent Vanhoucke and
                  Andrew Rabinovich},
  title        = {Going deeper with convolutions},
  booktitle    = {{IEEE} Conference on Computer Vision and Pattern Recognition, {CVPR}
                  2015, Boston, MA, USA, June 7-12, 2015},
  pages        = {1--9},
  publisher    = {{IEEE} Computer Society},
  year         = {2015},
  url          = {https://doi.org/10.1109/CVPR.2015.7298594},
  doi          = {10.1109/CVPR.2015.7298594},
  timestamp    = {Fri, 24 Mar 2023 00:02:55 +0100},
  biburl       = {https://dblp.org/rec/conf/cvpr/SzegedyLJSRAEVR15.bib},
  bibsource    = {dblp computer science bibliography, https://dblp.org}
}

@inproceedings{DBLP:journals/corr/SimonyanZ14a,
  author       = {Karen Simonyan and
                  Andrew Zisserman},
  editor       = {Yoshua Bengio and
                  Yann LeCun},
  title        = {Very Deep Convolutional Networks for Large-Scale Image Recognition},
  booktitle    = {3rd International Conference on Learning Representations, {ICLR} 2015,
                  San Diego, CA, USA, May 7-9, 2015, Conference Track Proceedings},
  year         = {2015},
  url          = {http://arxiv.org/abs/1409.1556},
  timestamp    = {Wed, 17 Jul 2019 10:40:54 +0200},
  biburl       = {https://dblp.org/rec/journals/corr/SimonyanZ14a.bib},
  bibsource    = {dblp computer science bibliography, https://dblp.org}
}


@inproceedings{DBLP:conf/iccv/KuehneJGPS11,
  author       = {Hildegard Kuehne and
                  Hueihan Jhuang and
                  Est{\'{\i}}baliz Garrote and
                  Tomaso A. Poggio and
                  Thomas Serre},
  editor       = {Dimitris N. Metaxas and
                  Long Quan and
                  Alberto Sanfeliu and
                  Luc Van Gool},
  title        = {{HMDB:} {A} large video database for human motion recognition},
  booktitle    = {{IEEE} International Conference on Computer Vision, {ICCV} 2011, Barcelona,
                  Spain, November 6-13, 2011},
  pages        = {2556--2563},
  publisher    = {{IEEE} Computer Society},
  year         = {2011},
  url          = {https://doi.org/10.1109/ICCV.2011.6126543},
  doi          = {10.1109/ICCV.2011.6126543},
  timestamp    = {Thu, 23 Mar 2023 23:57:41 +0100},
  biburl       = {https://dblp.org/rec/conf/iccv/KuehneJGPS11.bib},
  bibsource    = {dblp computer science bibliography, https://dblp.org}
}

@article{DBLP:journals/corr/abs-1212-0402,
  author       = {Khurram Soomro and
                  Amir Roshan Zamir and
                  Mubarak Shah},
  title        = {{UCF101:} {A} Dataset of 101 Human Actions Classes From Videos in
                  The Wild},
  journal      = {CoRR},
  volume       = {abs/1212.0402},
  year         = {2012},
  url          = {http://arxiv.org/abs/1212.0402},
  eprinttype    = {arXiv},
  eprint       = {1212.0402},
  timestamp    = {Mon, 13 Aug 2018 16:47:45 +0200},
  biburl       = {https://dblp.org/rec/journals/corr/abs-1212-0402.bib},
  bibsource    = {dblp computer science bibliography, https://dblp.org}
}

@article{DBLP:journals/corr/KayCSZHVVGBNSZ17,
  author       = {Will Kay and
                  Jo{\~{a}}o Carreira and
                  Karen Simonyan and
                  Brian Zhang and
                  Chloe Hillier and
                  Sudheendra Vijayanarasimhan and
                  Fabio Viola and
                  Tim Green and
                  Trevor Back and
                  Paul Natsev and
                  Mustafa Suleyman and
                  Andrew Zisserman},
  title        = {The Kinetics Human Action Video Dataset},
  journal      = {CoRR},
  volume       = {abs/1705.06950},
  year         = {2017},
  url          = {http://arxiv.org/abs/1705.06950},
  eprinttype    = {arXiv},
  eprint       = {1705.06950},
  timestamp    = {Thu, 14 Oct 2021 09:15:04 +0200},
  biburl       = {https://dblp.org/rec/journals/corr/KayCSZHVVGBNSZ17.bib},
  bibsource    = {dblp computer science bibliography, https://dblp.org}
}


@article{DBLP:journals/corr/abs-1808-01340,
  author       = {Jo{\~{a}}o Carreira and
                  Eric Noland and
                  Andras Banki{-}Horvath and
                  Chloe Hillier and
                  Andrew Zisserman},
  title        = {A Short Note about Kinetics-600},
  journal      = {CoRR},
  volume       = {abs/1808.01340},
  year         = {2018},
  url          = {http://arxiv.org/abs/1808.01340},
  eprinttype    = {arXiv},
  eprint       = {1808.01340},
  timestamp    = {Sun, 02 Sep 2018 15:01:55 +0200},
  biburl       = {https://dblp.org/rec/journals/corr/abs-1808-01340.bib},
  bibsource    = {dblp computer science bibliography, https://dblp.org}
}


@article{DBLP:journals/corr/abs-1907-06987,
  author       = {Jo{\~{a}}o Carreira and
                  Eric Noland and
                  Chloe Hillier and
                  Andrew Zisserman},
  title        = {A Short Note on the Kinetics-700 Human Action Dataset},
  journal      = {CoRR},
  volume       = {abs/1907.06987},
  year         = {2019},
  url          = {http://arxiv.org/abs/1907.06987},
  eprinttype    = {arXiv},
  eprint       = {1907.06987},
  timestamp    = {Tue, 23 Jul 2019 10:54:22 +0200},
  biburl       = {https://dblp.org/rec/journals/corr/abs-1907-06987.bib},
  bibsource    = {dblp computer science bibliography, https://dblp.org}
}

@inproceedings{DBLP:conf/iccv/GoyalKMMWKHFYMH17,
  author       = {Raghav Goyal and
                  Samira Ebrahimi Kahou and
                  Vincent Michalski and
                  Joanna Materzynska and
                  Susanne Westphal and
                  Heuna Kim and
                  Valentin Haenel and
                  Ingo Fr{\"{u}}nd and
                  Peter Yianilos and
                  Moritz Mueller{-}Freitag and
                  Florian Hoppe and
                  Christian Thurau and
                  Ingo Bax and
                  Roland Memisevic},
  title        = {The "Something Something" Video Database for Learning and Evaluating
                  Visual Common Sense},
  booktitle    = {{IEEE} International Conference on Computer Vision, {ICCV} 2017, Venice,
                  Italy, October 22-29, 2017},
  pages        = {5843--5851},
  publisher    = {{IEEE} Computer Society},
  year         = {2017},
  url          = {https://doi.org/10.1109/ICCV.2017.622},
  doi          = {10.1109/ICCV.2017.622},
  timestamp    = {Thu, 23 Mar 2023 23:57:44 +0100},
  biburl       = {https://dblp.org/rec/conf/iccv/GoyalKMMWKHFYMH17.bib},
  bibsource    = {dblp computer science bibliography, https://dblp.org}
}


@inproceedings{DBLP:conf/eccv/XuRLG20,
  author       = {Kunran Xu and
                  Lai Rui and
                  Yishi Li and
                  Lin Gu},
  editor       = {Andrea Vedaldi and
                  Horst Bischof and
                  Thomas Brox and
                  Jan{-}Michael Frahm},
  title        = {Feature Normalized Knowledge Distillation for Image Classification},
  booktitle    = {Computer Vision - {ECCV} 2020 - 16th European Conference, Glasgow,
                  UK, August 23-28, 2020, Proceedings, Part {XXV}},
  series       = {Lecture Notes in Computer Science},
  volume       = {12370},
  pages        = {664--680},
  publisher    = {Springer},
  year         = {2020},
  url          = {https://doi.org/10.1007/978-3-030-58595-2\_40},
  doi          = {10.1007/978-3-030-58595-2\_40},
  timestamp    = {Mon, 08 Mar 2021 09:44:52 +0100},
  biburl       = {https://dblp.org/rec/conf/eccv/XuRLG20.bib},
  bibsource    = {dblp computer science bibliography, https://dblp.org}
}

@article{DBLP:journals/pami/HuSASW20,
  author       = {Jie Hu and
                  Li Shen and
                  Samuel Albanie and
                  Gang Sun and
                  Enhua Wu},
  title        = {Squeeze-and-Excitation Networks},
  journal      = {{IEEE} Trans. Pattern Anal. Mach. Intell.},
  volume       = {42},
  number       = {8},
  pages        = {2011--2023},
  year         = {2020},
  url          = {https://doi.org/10.1109/TPAMI.2019.2913372},
  doi          = {10.1109/TPAMI.2019.2913372},
  timestamp    = {Mon, 30 Oct 2023 15:32:59 +0100},
  biburl       = {https://dblp.org/rec/journals/pami/HuSASW20.bib},
  bibsource    = {dblp computer science bibliography, https://dblp.org}
}


@inproceedings{DBLP:conf/eccv/WooPLK18,
  author       = {Sanghyun Woo and
                  Jongchan Park and
                  Joon{-}Young Lee and
                  In So Kweon},
  editor       = {Vittorio Ferrari and
                  Martial Hebert and
                  Cristian Sminchisescu and
                  Yair Weiss},
  title        = {{CBAM:} Convolutional Block Attention Module},
  booktitle    = {Computer Vision - {ECCV} 2018 - 15th European Conference, Munich,
                  Germany, September 8-14, 2018, Proceedings, Part {VII}},
  series       = {Lecture Notes in Computer Science},
  volume       = {11211},
  pages        = {3--19},
  publisher    = {Springer},
  year         = {2018},
  url          = {https://doi.org/10.1007/978-3-030-01234-2\_1},
  doi          = {10.1007/978-3-030-01234-2\_1},
  timestamp    = {Tue, 14 May 2019 10:00:45 +0200},
  biburl       = {https://dblp.org/rec/conf/eccv/WooPLK18.bib},
  bibsource    = {dblp computer science bibliography, https://dblp.org}
}


@inproceedings{DBLP:conf/iccv/XuCG0CZ17,
  author       = {Shuangjie Xu and
                  Yu Cheng and
                  Kang Gu and
                  Yang Yang and
                  Shiyu Chang and
                  Pan Zhou},
  title        = {Jointly Attentive Spatial-Temporal Pooling Networks for Video-Based
                  Person Re-identification},
  booktitle    = {{IEEE} International Conference on Computer Vision, {ICCV} 2017, Venice,
                  Italy, October 22-29, 2017},
  pages        = {4743--4752},
  publisher    = {{IEEE} Computer Society},
  year         = {2017},
  url          = {https://doi.org/10.1109/ICCV.2017.507},
  doi          = {10.1109/ICCV.2017.507},
  timestamp    = {Thu, 23 Mar 2023 23:57:41 +0100},
  biburl       = {https://dblp.org/rec/conf/iccv/XuCG0CZ17.bib},
  bibsource    = {dblp computer science bibliography, https://dblp.org}
}


@inproceedings{DBLP:conf/cvpr/LiW0019,
  author       = {Xiang Li and
                  Wenhai Wang and
                  Xiaolin Hu and
                  Jian Yang},
  title        = {Selective Kernel Networks},
  booktitle    = {{IEEE} Conference on Computer Vision and Pattern Recognition, {CVPR}
                  2019, Long Beach, CA, USA, June 16-20, 2019},
  pages        = {510--519},
  publisher    = {Computer Vision Foundation / {IEEE}},
  year         = {2019},
  url          = {http://openaccess.thecvf.com/content\_CVPR\_2019/html/Li\_Selective\_Kernel\_Networks\_CVPR\_2019\_paper.html},
  doi          = {10.1109/CVPR.2019.00060},
  timestamp    = {Mon, 30 Aug 2021 17:01:14 +0200},
  biburl       = {https://dblp.org/rec/conf/cvpr/LiW0019.bib},
  bibsource    = {dblp computer science bibliography, https://dblp.org}
}

@inproceedings{DBLP:conf/cvpr/0005WZZLZSHMMLS22,
  author       = {Hang Zhang and
                  Chongruo Wu and
                  Zhongyue Zhang and
                  Yi Zhu and
                  Haibin Lin and
                  Zhi Zhang and
                  Yue Sun and
                  Tong He and
                  Jonas Mueller and
                  R. Manmatha and
                  Mu Li and
                  Alexander J. Smola},
  title        = {ResNeSt: Split-Attention Networks},
  booktitle    = {{IEEE/CVF} Conference on Computer Vision and Pattern Recognition Workshops,
                  {CVPR} Workshops 2022, New Orleans, LA, USA, June 19-20, 2022},
  pages        = {2735--2745},
  publisher    = {{IEEE}},
  year         = {2022},
  url          = {https://doi.org/10.1109/CVPRW56347.2022.00309},
  doi          = {10.1109/CVPRW56347.2022.00309},
  timestamp    = {Wed, 19 Apr 2023 17:00:25 +0200},
  biburl       = {https://dblp.org/rec/conf/cvpr/0005WZZLZSHMMLS22.bib},
  bibsource    = {dblp computer science bibliography, https://dblp.org}
}

@article{DBLP:journals/jmlr/CortesMR12,
  author       = {Corinna Cortes and
                  Mehryar Mohri and
                  Afshin Rostamizadeh},
  title        = {Algorithms for Learning Kernels Based on Centered Alignment},
  journal      = {J. Mach. Learn. Res.},
  volume       = {13},
  pages        = {795--828},
  year         = {2012},
  url          = {https://dl.acm.org/doi/10.5555/2503308.2188413},
  doi          = {10.5555/2503308.2188413},
  timestamp    = {Thu, 02 Jun 2022 13:58:57 +0200},
  biburl       = {https://dblp.org/rec/journals/jmlr/CortesMR12.bib},
  bibsource    = {dblp computer science bibliography, https://dblp.org}
}

@inproceedings{DBLP:conf/cvpr/SandlerHZZC18,
  author       = {Mark Sandler and
                  Andrew G. Howard and
                  Menglong Zhu and
                  Andrey Zhmoginov and
                  Liang{-}Chieh Chen},
  title        = {MobileNetV2: Inverted Residuals and Linear Bottlenecks},
  booktitle    = {2018 {IEEE} Conference on Computer Vision and Pattern Recognition,
                  {CVPR} 2018, Salt Lake City, UT, USA, June 18-22, 2018},
  pages        = {4510--4520},
  publisher    = {Computer Vision Foundation / {IEEE} Computer Society},
  year         = {2018},
  url          = {http://openaccess.thecvf.com/content\_cvpr\_2018/html/Sandler\_MobileNetV2\_Inverted\_Residuals\_CVPR\_2018\_paper.html},
  doi          = {10.1109/CVPR.2018.00474},
  timestamp    = {Fri, 24 Mar 2023 00:02:57 +0100},
  biburl       = {https://dblp.org/rec/conf/cvpr/SandlerHZZC18.bib},
  bibsource    = {dblp computer science bibliography, https://dblp.org}
}

@inproceedings{DBLP:conf/iclr/ZagoruykoK17,
  author       = {Sergey Zagoruyko and
                  Nikos Komodakis},
  title        = {Paying More Attention to Attention: Improving the Performance of Convolutional
                  Neural Networks via Attention Transfer},
  booktitle    = {5th International Conference on Learning Representations, {ICLR} 2017,
                  Toulon, France, April 24-26, 2017, Conference Track Proceedings},
  publisher    = {OpenReview.net},
  year         = {2017},
  url          = {https://openreview.net/forum?id=Sks9\_ajex},
  timestamp    = {Thu, 25 Jul 2019 14:25:41 +0200},
  biburl       = {https://dblp.org/rec/conf/iclr/ZagoruykoK17.bib},
  bibsource    = {dblp computer science bibliography, https://dblp.org}
}


@inproceedings{DBLP:conf/wacv/DaiGOWB21,
  author       = {Yimian Dai and
                  Fabian Gieseke and
                  Stefan Oehmcke and
                  Yiquan Wu and
                  Kobus Barnard},
  title        = {Attentional Feature Fusion},
  booktitle    = {{IEEE} Winter Conference on Applications of Computer Vision, {WACV}
                  2021, Waikoloa, HI, USA, January 3-8, 2021},
  pages        = {3559--3568},
  publisher    = {{IEEE}},
  year         = {2021},
  url          = {https://doi.org/10.1109/WACV48630.2021.00360},
  doi          = {10.1109/WACV48630.2021.00360},
  timestamp    = {Mon, 03 Jan 2022 22:28:28 +0100},
  biburl       = {https://dblp.org/rec/conf/wacv/DaiGOWB21.bib},
  bibsource    = {dblp computer science bibliography, https://dblp.org}
}


